3042 4975
320 341 400 408 nn
424 339 498 408 on.
521 337 711 430 conten
733 329 1107 408 nnrsrocnnrnu.
1131 319 1136 324 ’
1190 349 1268 428 181

170 499 323 582 Στεφάνου,
336 506 382 564 rol
399 503 450 566 τὸν
466 507 537 564 κατὰ
549 503 760 586 Ἀνδροτίωνος,
775 505 820 563 rol
834 499 1036 585 Τιμοκράτους,
1050 507 1098 562 sal
1112 502 1270 582 Ἀριστο-

169 594 331 672 ιιράτοος.
351 599 453 674 ὀλίγον
465 601 522 677 γὰρ
536 595 689 672 διήνεγκεν,
703 600 725 658 sl
738 600 777 678 psl
791 598 891 677 stipor,
904 601 985 658 dtlrt
998 599 1131 679 ψήφισμα
1142 599 1271 676 ’Aptero-

168 686 275 764 κράτης
288 687 407 768 ἔγραψε.
449 692 549 768 Atque
563 691 651 751 eliam
670 690 747 751 inter
767 701 823 752 τιῖιν
842 691 989 758 δικανικῶν
1008 695 1176 759 καλλίστους
1190 688 1273 752 local

169 778 375 861 Hermogenes
389 782 449 842 τὸν
470 787 556 844 κατὰ
574 783 883 864 Ἀριστοκράτους,
904 787 951 844 rel
964 785 1014 846 τὸν
1027 783 1096 863 ἰιτὲρ
1115 775 1271 867 Στεφάνου,

148 869 152 880 ’
168 889 203 950 p.
218 879 289 938 376.
303 873 385 934 Edit.
401 873 531 952 Crispin.
571 876 730 955 Exemplar
742 883 791 937 τοῦ
804 875 944 937 δικανικοῦ
955 887 1131 956 pepon-spor
1141 878 1273 938 nominat

161 965 240 1044 ejus
254 967 426 1028 scholiastes
440 987 507 1047 pag.
522 976 572 1034 74.
614 959 712 1049 Cujus
726 958 797 1031 item
817 967 889 1030 alibi
909 971 1053 1032 sententis
1070 978 1125 1042 est,
1139 990 1227 1049 qnam
1241 980 1273 1032 et
1334 949 1345 975 ⁴

170 1075 229 1118 sna
243 1078 364 1139 quoqne
377 1058 561 1120 confirmavit
575 1061 726 1122 Aristides
741 1061 867 1134 Rhetor,
885 1062 915 1125 in
928 1083 965 1123 ca
975 1063 1144 1122 elucescere
1161 1071 1272 1122 utram-

172 1167 235 1228 que
248 1150 357 1229 ideam²
368 1159 425 1210 tam
438 1170 506 1230 quae
517 1149 716 1226 deliberativo,
728 1171 817 1232 quam
830 1172 898 1232 qum
911 1153 1053 1233 competit
1056 1152 1204 1232 judiciali
1214 1173 1274 1214 ser·

170 1242 266 1304 moni.
307 1242 413 1320 Neque
433 1263 470 1302 eo
490 1244 583 1305 solun
604 1253 711 1306 ornatu
732 1246 874 1305 orationis
896 1256 1041 1319 exaratur,
1062 1245 1273 1306 verumetiam

172 1351 289 1393 summo
308 1333 408 1393 studio
421 1334 506 1414 Reip.
547 1335 637 1405 Quod
653 1337 724 1396 olim
738 1337 906 1398 observavit
921 1338 1071 1397 Panaetius
1081 1337 1274 1416 philosophos

172 1424 214 1488 de
228 1425 424 1487 Orationibus
434 1427 658 1507 ctesiphonten,
668 1429 881 1513 Aristocraten,
892 1429 1035 1508 Leptines
1046 1439 1078 1491 st
1091 1430 1274 1510 Philippicis,

172 1516 256 1597 apud
272 1518 462 1580 Plutarchum
475 1523 508 1580 in
521 1521 581 1581 vita
594 1521 734 1581 Auctoris
748 1523 852 1583 nostri.

214 1609 327 1676 Habita
341 1619 415 1684 erat,
429 1611 534 1673 eodem
551 1612 710 1674 Plutarcho
724 1622 810 1686 teste,
819 1612 907 1690 juxta
922 1612 952 1675 id
968 1613 1119 1692 temporis,
1135 1633 1196 1693 quo
1210 1611 1276 1676 illas

173 1700 265 1764 etiam
286 1703 404 1777 babuit,
424 1725 453 1766 c.
477 1703 692 1766 Androtionem
714 1724 813 1776 unam,
833 1715 864 1765 et
881 1704 1007 1766 alteram
1023 1726 1052 1766 o.
1064 1706 1295 1769 Timocratem.-

162 1787 243 1856 ΙΤῶν
257 1796 288 1857 δὲ
302 1796 473 1878 deperient
490 1798 546 1877 μὲν
559 1801 616 1858 κατ’
628 1797 845 1878 Ἀνδροτίωνος,
859 1798 906 1856 sol
916 1797 1121 1877 Τιμοκράτους,
1131 1802 1178 1858 sal
1188 1801 1277 1879 'Aps-

174 1887 388 1965 στοιιράτους
408 1889 511 1969 ἑτέροις
531 1889 710 1972 ἐγράφησαν,
727 1885 808 1950 οὔτιν’
824 1894 859 1972 τῇ
876 1889 1006 1966 πολιτεία
1025 1889 1277 1969 προσεληλυθότος.

167 1977 250 2040 δοκεῖ
270 1983 327 2058 γὰρ
340 1979 418 2044 δυοῖν
429 1982 448 2052 ἢ
462 1989 545 2059 τριῶν
558 1980 657 2042 δέοντα
675 1981 723 2056 ἔτη
743 1981 891 2059 τριάκοντα
907 1985 1033 2056 γεγονὸς
1050 1982 1199 2058 ἐξενεγκεῖν
1212 1982 1277 2052 serie

174 2073 285 2147 λόγους
305 2073 436 2141 ἐκείνους.
477 2073 588 2134 Verum
607 2073 665 2134 hoc
678 2073 809 2152 quidem,
824 2084 875 2135 aut
893 2091 964 2132 vero
983 2073 1088 2134 saltem
1101 2075 1277 2152 proximum,

175 2162 260 2242 quod
274 2163 316 2225 ait
328 2164 367 2226 de
381 2165 524 2244 Leptines
543 2175 574 2224 et
586 2165 796 2226 Timocrates:
817 2165 911 2224 series
928 2173 1026 2224 temen
1046 2165 1198 2244 aliquanto
1210 2168 1277 2230 baso

173 2264 283 2315 contre
293 2249 517 2327 Aristocratem,
532 2255 653 2334 Olymp.
666 2277 708 2318 sc.
720 2257 816 2316 cvu.
832 2265 860 2317 l.
872 2269 939 2316 cum
953 2257 1166 2319 Demosthenes
1179 2261 1277 2322 mostis

174 2355 276 2424 ageret
297 2365 405 2407 annum
428 2346 619 2425 trigesimum,
634 2347 659 2407 si
680 2347 805 2428 Dionys.
827 2347 923 2408 llalio.
938 2347 1024 2410 fides.
1063 2349 1114 2410 Ἐν
1132 2352 1218 2434 σοι’σρ
1237 2350 1276 2436 'P
1343 2381 1349 2388 ·

173 2440 396 2523 ppdvpmempe
406 2438 595 2500 Aristodemo
606 2441 748 2525 Prmtore,
760 2440 813 2519 qni
825 2439 927 2501 initeo
940 2460 1028 2514 anno,
1043 2441 1296 2523 questumque.

173 2534 284 2609 vimus)
297 2535 342 2592 καὶ
359 2527 410 2592 τὸν
428 2537 520 2593 κατὰ
535 2533 837 2613 Ἀριστοκράτους
856 2533 964 2611 ἔγραψε
981 2536 1073 2611 λόγον
1087 2532 1277 2621 Ευθυιιλιῖτῇ
1330 2531 1334 2541 ’

175 2622 305 2691 hebrom
319 2628 490 2705 παρανόμων
503 2624 535 2685 τὸ
550 2626 691 2705 ψήφισμα.
733 2624 829 2703 Epist.
843 2625 1072 2698 adrimetum,
1086 2632 1114 2703 §-
1127 2635 1158 2691 4.

219 2716 295 2786 Quis
304 2726 402 2797 auten
416 2715 505 2777 luerit
518 2716 573 2775 iste
588 2715 761 2796 Euthycles‚
775 2717 862 2793 cujus
876 2717 1040 2795 ingratiam
1050 2717 1116 2777 brec
1127 2719 1280 2798 scripserit

177 2810 407 2881 Demosthenes,
421 2810 537 2889 penitus
551 2808 711 2885 ignoratur,
727 2818 757 2870 et
766 2808 853 2887 ju'xta
866 2811 934 2887 quis
947 2808 1036 2869 fuerit
1049 2809 1099 2869 ille
1113 2811 1280 2873 Aristocra·
1340 2840 1344 2848 ·

177 2911 235 2973 tes,
249 2901 302 2979 qui
316 2901 366 2961 bio
380 2901 571 2962 insimulatur.
615 2901 735 2961 Certum
750 2901 861 2961 interea
882 2910 936 2972 est,
956 2920 1069 2961 errasse
1083 2901 1277 2962 Sobolisstem

178 2996 336 3079 Aristopb.
348 2994 386 3055 ad
401 2999 480 3055 Aves
494 3002 563 3057 126.
584 3014 651 3055 oum
665 2996 715 3068 ait,
729 2994 819 3055 fuisse
830 2996 1042 3057 Aristocratem
1054 2996 1154 3057 Scellii
1169 2998 1205 3058 F.
1226 2998 1279 3075 qui

179 3090 212 3148 in
236 3089 316 3149 bello
328 3087 580 3168 Peloponnesiaco
603 3088 692 3148 multa
705 3090 821 3166 egregia
835 3088 965 3163 facinore
979 3089 1084 3150 edidit.
1116 3091 1279 3168 Epichares

179 3180 270 3255 enim,
291 3179 342 3258 qai
355 3181 417 3258 *per
435 3178 501 3239 baeo
523 3187 654 3257 tempora
674 3180 835 3240 orationem
854 3179 960 3239 habuit
982 3180 1049 3241 adv.
1068 3181 1278 3253 theominen,

180 3258 382 3332 Demosthene
396 3271 554 3343 scribente,
566 3270 774 3331 Aristocraten
789 3269 875 3328 istum
889 3270 988 3329 Scellii
1002 3273 1035 3331 F.
1049 3283 1135 3332 vocat
1149 3291 1280 3333 avuncu-

179 3366 243 3425 lum
253 3364 312 3423 Avi
327 3362 382 3436 sui,
396 3373 428 3422 ut
442 3363 546 3423 mirum
558 3364 605 3436 sit,
616 3363 640 3422 si
655 3362 720 3421 baec
731 3361 911 3421 concordare
923 3363 1043 3440 possint.
1070 3364 1177 3441 Neque
1190 3376 1281 3443 porro

176 3452 315 3536 prolecto
329 3453 485 3515 verisimile
497 3465 551 3525 est,
563 3454 692 3515 eundem
704 3451 798 3513 fuisse
813 3452 978 3532 impetitum
992 3453 1030 3513 ab
1040 3454 1235 3531 Aristophane
1249 3456 1280 3516 in
1391 3472 1396 3478 ’

180 3549 302 3621 Fabula,
318 3567 406 3626 quarn
419 3546 504 3608 dedit
520 3548 643 3628 Olymp.
655 3545 738 3606 XCI.
753 3552 783 3607 2.
797 3555 827 3607 et
840 3566 859 3606 s
870 3547 1069 3607 Demosthene
1079 3547 1110 3605 in
1124 3548 1280 3629 Oratione,

183 3646 273 3721 quam
286 3640 390 3701 babuit
404 3640 526 3721 Olymp.
537 3640 636 3702 cvu.
650 3648 679 3701 1.
762 3693 764 3696 .

224 3731 300 3790 Cum
309 3733 447 3793 nonnulla
457 3732 552 3793 sintin
564 3734 620 3794 hac
631 3732 864 3811 orationeque
875 3731 1036 3811 alibiapud
1049 3732 1280 3795 Demosthenem

183 3824 332 3900 leguntur,
347 3832 380 3883 ot
396 3823 466 3884 olim
487 3825 701 3895 annotavimus,
716 3825 899 3903 praecipuum
918 3828 974 3897 est,
991 3824 1073 3903 qnod
1095 3826 1189 3886 multa
1210 3825 1280 3888 binc

185 3913 335 3978 transtulit
353 3914 390 3973 ad
413 3914 596 3989 Orationem,
608 3936 676 3994 qum
697 3916 865 3977 inscribitur
883 3917 948 3992 περὶ
966 3916 1143 3991 Σουτάεεοςι
1163 3918 1203 3978 de
1220 3903 1280 3998 qua

186 4028 219 4085 re
239 3994 305 4067 oonx
316 4008 379 4067 leve
400 4006 521 4085 aliquod
539 4006 660 4070 innotis
679 4008 718 4069 ad
740 4010 828 4070 istum
847 4009 944 4069 locunt
965 4008 1040 4099 infra
1052 4010 1280 4073 observavimus.

108 4136 121 4155 .
184 4100 346 4181 Tarson,
