3042 4975
477 313 541 379 AD
564 313 639 381 ott.
662 311 849 380 nomn
871 310 1067 379 MIDIAM.
1261 294 1311 371 13

101 522 107 527 -
224 484 306 562 tique
313 482 445 565 pudoris,
460 504 552 563 quum
561 455 710 549 inimidnm
721 508 752 547 se
764 484 920 567 profitetur
933 484 984 565 qui
997 485 1104 565 puisat,
1118 481 1313 561 injuriamque

222 575 375 653 inscript
392 578 462 648 suit,
478 586 616 656 tanquam
634 579 673 638 ah
687 578 806 652 inimico
818 578 1048 657 offendendiqne
1066 575 1178 654 cupido
1190 574 1311 647 iliatam,

222 686 291 727 com
308 670 393 747 plaga
407 667 548 747 infligitur
566 689 623 729 non
639 688 767 748 expansa
780 690 875 742 manu,
892 669 943 730 sed
961 670 991 728 in
1005 686 1133 747 pugnum
1146 675 1312 737 contracta,

224 776 286 836 quo
300 760 376 819 ictus
398 760 437 820 sit
456 762 608 823 nocentior
628 772 658 823 et
677 762 802 840 gravior,
823 771 972 841 postremo
992 780 1059 820 curn
1076 760 1183 819 ineam
1198 768 1312 837 partem

223 854 354 929 corporis
367 852 404 912 de
418 854 560 913 industria
574 854 660 932 plaga
673 855 824 926 incumbit,
839 873 900 931 quo
914 852 1094 913 atrocissima
1111 869 1188 911 noxa
1201 868 1311 928 corpus

223 944 340 1007 multari
354 953 462 1023 potest,
481 944 674 1024 sugillataquc
689 966 723 1007 ea
738 965 805 1025 pars
821 966 885 1005 esse
898 944 998 1005 ac'diu
1010 962 1127 1004 manere
1141 943 1312 1022 conspicua,

222 1034 351 1113 indeque
365 1036 456 1097 iacies
466 1036 662 1098 dehonestari.
704 1040 773 1099 Hoc
787 1039 865 1098 enim
879 1036 1027 1115 significat
1036 1038 1081 1095 ἐπὶ
1091 1039 1198 1115 confine,
1212 1036 1242 1096 id
1256 1042 1311 1104 est,

224 1132 296 1186 rard
308 1138 358 1199 τῆς
372 1132 505 1204 σιαγόνος
519 1131 649 1203 πατάξαι,
663 1132 829 1190 Atticorum
840 1130 939 1208 lingna
952 1128 1148 1205 loquentibus.
1166 1128 1247 1207 quod
1260 1126 1310 1185 In·

223 1226 335 1297 terpres
347 1220 464 1297 ignarus
479 1218 629 1299 pupillum
642 1223 800 1292 transtulit,
813 1222 896 1299 quusi
910 1224 991 1296 κόρης
1005 1220 1217 1280 Demosthenes
1238 1219 1312 1281 scri·

222 1309 340 1387 psisset.
362 1310 437 1369 Haec
452 1320 528 1383 suut,
542 1311 640 1389 inquit
654 1312 878 1384 Demosthenes,
891 1330 958 1389 quas
974 1310 1104 1371 homines
1121 1312 1236 1387 injuriis
1252 1328 1310 1368 non

219 1411 352 1461 assuetos
363 1401 451 1461 animi
462 1402 637 1480 impotentes
648 1402 768 1475 iaciunt,
778 1402 808 1462 id
820 1414 876 1473 est,
891 1422 959 1481 quae
973 1402 1142 1480 patientiam
1153 1413 1309 1480 quantum·

221 1493 264 1551 vis
278 1494 415 1569 prudenti
428 1494 591 1554 excutiunt.
632 1495 831 1563 Quintilianus
848 1495 878 1553 in
897 1504 989 1565 mato,
1001 1494 1045 1554 de
1064 1495 1247 1553 concitandis
1266 1493 1310 1551 ai·

222 1582 347 1643 iectibus
362 1584 495 1664 loquens,
511 1592 528 1619 ‘⁸
541 1586 713 1657 Atrocitas‚’'
728 1588 834 1666 inquit,
851 1586 985 1645 “crescit
998 1606 1034 1645 ex
1048 1587 1105 1657 his,
1117 1586 1188 1664 quid
1198 1586 1309 1645 iactum
1363 1616 1367 1624 ·

220 1675 269 1745 sit,
284 1695 385 1753 aquo,
401 1677 429 1734 in
444 1694 543 1754 quern,
554 1696 615 1753 quo
629 1677 736 1749 auimo,
745 1698 806 1755 quo
817 1686 958 1755 tempore,
973 1697 1034 1754 quo
1049 1678 1127 1748 ioco,
1138 1697 1199 1754 quo
1208 1676 1309 1744 modo,

222 1786 290 1843 qum
310 1768 408 1828 omnia
422 1766 551 1826 infinitos
564 1768 711 1829 anfractus
729 1770 867 1829 liabent?
906 1770 944 1827 Et
959 1771 1077 1847 paulum
1088 1769 1173 1839 inira,
1185 1774 1204 1803 ‘⁴
1214 1768 1309 1827 Pluri-

140 1870 146 1877 '
198 1856 200 1861 ’
221 1878 300 1919 nrum
315 1860 438 1937 tumen,’'
448 1860 555 1938 iuquit,
569 1860 681 1920 “affert
690 1860 856 1921 atrocitatis
868 1861 983 1929 modus,
993 1860 1017 1919 si
1028 1860 1165 1937 graviter,
1177 1860 1200 1917 si
1210 1867 1313 1917 eontu-
1418 1890 1422 1897 ·

220 1953 351 2024 meliose,
368 1964 400 2012 ut
416 1953 627 2012 Demosthenes
641 1972 678 2011 ex
698 1964 784 2031 parte
804 1947 935 2029 percussi
948 1952 1088 2029 corporis,
1102 1972 1138 2009 ex
1152 1948 1311 2009 vuituseri.

221 2044 312 2121 entis,
321 2064 357 2103 ex
366 2044 470 2103 habitu
482 2042 616 2109 invidiam
629 2044 733 2101 Midiae
745 2044 882 2120 quaent.'’
908 2042 990 2101 Idem
1001 2042 1083 2112 aiibi,
1100 2042 1267 2119 “Namque
1279 2044 1309 2100 in

223 2134 282 2192 hoe
296 2134 471 2209 eloquentiis
482 2133 526 2191 sis
538 2142 594 2203 est,
607 2141 639 2192 ut
644 2133 779 2208 judicem
791 2151 850 2191 non
863 2130 901 2191 ad
922 2132 953 2191 id
970 2140 1082 2191 tantum
1094 2133 1263 2209 competat,
1277 2132 1309 2191 in

220 2224 303 2302 quod
317 2226 380 2303 ipsc
394 2243 411 2281 a
425 2222 465 2283 rei
480 2232 583 2282 natura
596 2224 728 2295 ducetur,
745 2225 798 2283 sed
812 2232 874 2295 ant,
885 2224 936 2301 qui
955 2244 1015 2283 non
1032 2233 1087 2296 est,
1103 2233 1156 2284 aut
1169 2227 1309 2302 majorem

219 2337 309 2395 quam
332 2325 377 2376 est
397 2314 486 2376 faciat
505 2315 651 2375 affectum.
698 2318 775 2375 Haec
794 2326 839 2375 est
862 2316 921 2387 ilia,
944 2333 1011 2393 qum
1035 2316 1156 2375 Dinosis
1176 2326 1309 2388 vocatur,

219 2410 308 2483 rebus
328 2407 465 2485 indignis,
481 2407 601 2488 asperis,
622 2407 772 2467 invidiosis
793 2406 905 2468 addens
921 2408 979 2467 vim
1002 2408 1105 2478 oratio,
1120 2427 1180 2485 qua
1199 2408 1308 2467 virtute

220 2511 329 2580 praeter
338 2501 410 2559 alios
424 2499 578 2577 plurimum
594 2501 807 2560 Demosthenes
821 2499 936 2559 valuit.''
975 2500 1051 2560 Hac
1066 2507 1097 2559 et
1105 2501 1190 2578 pium
1201 2500 1232 2558 in
1246 2506 1308 2559 An·

222 2593 420 2660 notationibus
439 2591 648 2670 posterioribus
663 2595 692 2652 in
704 2592 847 2654 Pandect.
860 2590 997 2653 Budaeus.
1028 2591 1108 2660 Quin
1122 2601 1154 2654 et
1173 2591 1307 2655 alciatus

219 2685 346 2764 eundem
360 2685 458 2754 iocum
473 2685 592 2762 exponit
604 2683 850 2762 Dispunctionum
863 2684 940 2747 libro
953 2683 1093 2756 secundo,
1105 2703 1171 2763 cap.
1184 2686 1235 2746 16.
