3042 4975
345 341 348 351 ⁴
452 345 517 411 Aa
541 343 615 411 oa.
639 344 825 413 corruas
848 346 1097 441 arratam„
1255 329 1284 411 9

195 509 242 563 est
256 502 368 581 atiqais
387 504 417 565 in
437 514 538 567 nostra
557 508 700 579 oratioue,
721 510 750 569 ln
772 527 834 587 quo
859 509 1019 569 etiamnum
1035 507 1146 569 bareo-
1187 504 1287 584 Neget

195 594 409 658 Demosthenes
422 604 457 673 (i.
472 596 539 673 ξδ’.)
561 604 599 679 τᾷ
623 599 685 680 μεθ’
706 600 804 659 ὅπλων
825 598 899 661 εἶναι
920 602 1160 677 σννὴταγμὲνθνε
1180 600 1286 676 μόνως

107 764 109 769 ,
193 694 249 746 raba
261 686 359 747 ἄλλων
377 694 513 761 πολιτῶν,
542 693 607 758 τοὺς
631 696 675 751 ast
698 692 861 761 δικάζοντας
883 690 1015 772 Ιοχνροῦς
1036 688 1119 751 εἶναι.
1160 688 1197 749 ld
1212 707 1288 765 quo·

195 779 284 839 modo
298 780 338 838 sit
350 780 582 859 intelligendum,
597 802 655 843 nou
674 784 771 845 habeo
783 784 893 844 dicare.
928 783 1044 843 Armati
1061 781 1151 861 igitur
1167 778 1287 858 judica·

194 869 288 931 bantl
302 874 349 931 Aa
359 873 591 935 circumstabant
601 876 731 954 Scythas,
748 876 932 955 Reipublicae
946 874 1096 947 satellites,
1107 869 1287 935 tribunaliai

196 961 340 1023 concioni
353 972 449 1025 tamen
469 974 500 1025 et
513 967 629 1027 senatui
642 966 730 1027 iidem
744 978 854 1046 praesto
867 976 961 1041 erant,
971 976 1005 1027 ut
1017 985 1077 1028 uon
1091 972 1214 1045 possent
1224 961 1288 1025 dici

192 1050 312 1129 judicas
329 1057 410 1133 μόνοι
435 1070 492 1116 τῶν
518 1058 618 1117 ἄλλων
637 1062 761 1120 πολιτῶν
787 1058 851 1135 μεθ’
876 1060 973 1119 ὅπλων
997 1060 1226 1143 σνντεταγηᾶνθῑι
1254 1054 1287 1113 Ῑῦ

197 1164 257 1221 qua
269 1145 333 1224 ipsa
352 1146 494 1225 loquendi
508 1148 602 1210 forma
620 1150 789 1211 obscuritas
814 1160 859 1211 est
881 1150 1029 1229 quadam.
1070 1146 1288 1209 Notaiortasse

195 1254 243 1295 res
262 1244 306 1295 est
319 1238 525 1315 peritioribus.
536 1258 591 1317 ego
615 1240 687 1301 nibil
701 1242 739 1301 de
754 1261 790 1302 ea
801 1241 882 1323 apud
904 1242 1063 1321 scriptores
1086 1238 1288 1308 inveniebamur

197 1336 229 1385 et
252 1328 396 1407 Ulpianus
414 1330 444 1389 in
458 1333 596 1391 extremis
607 1332 689 1393 hisce
698 1332 810 1395 deficit
1221 1400 1224 1405 .

237 1419 445 1499 Dionysiorum
472 1421 518 1481 vel
541 1423 728 1497 Liberalium‚
752 1426 820 1486 fasti
845 1425 1081 1502 Atheniensium,
1100 1423 1188 1500 ratio,
1201 1420 1289 1483 etsia

197 1510 316 1569 summis
335 1511 415 1583 viris,
439 1512 615 1574 Ruhnkenio
638 1515 687 1589 (ad
713 1516 788 1577 calc.
807 1517 961 1596 Hesychii)
974 1526 1005 1577 et
1019 1513 1226 1583 Barthelemio,
1240 1514 1289 1591 (ln

195 1601 373 1665 Commeatt.
393 1604 491 1665 Acad.
501 1605 570 1666 hon.
580 1606 623 1669 lit.
639 1607 676 1666 V.
692 1613 740 1675 ³9.
754 1626 785 1685 p.
795 1616 864 1673 lta.
879 1609 978 1689 seqq.)
988 1605 1216 1670 luculentissime
1236 1623 1288 1663 ex·

196 1692 305 1769 posita,
324 1704 421 1756 tamen
435 1696 475 1755 ad
489 1706 620 1757 nostram
634 1698 795 1758 orationem
807 1720 867 1761 aon
882 1702 953 1760 satis
971 1698 1041 1759 mihi
1054 1698 1171 1759 videtur
1182 1694 1291 1755 collata

197 1804 271 1847 asse.
310 1788 383 1849 Tria
395 1798 479 1849 erant
491 1790 595 1849 harum
610 1790 746 1852 seriarum
763 1810 888 1871 genera:
917 1792 1037 1851 Rurslia
1058 1788 1213 1867 Dionysia,
1234 1788 1290 1847 Le·

195 1896 270 1949 naas,
284 1888 315 1939 et
328 1881 448 1961 Magna.
474 1883 542 1941 laus
555 1881 701 1941 neminem
712 1901 814 1941 eornm
826 1881 974 1942 vuol).
993 1881 1045 1956 qui
1063 1879 1227 1939 orationem
1238 1896 1291 1936 no·

197 1980 291 2029 stram
309 1980 474 2038 tractarunt
487 1972 579 2031 subiit
602 1991 755 2048 quaerere:
787 1990 849 2048 quo
872 1970 1054 2048 potissimum
1078 1970 1183 2030 horum
1203 1966 1293 2027 trium

198 2058 343 2121 fastorum
353 2064 460 2139 pugnis
473 2081 490 2119 a
505 2061 600 2120 Midia
613 2080 707 2121 cresus
723 2069 801 2120 esset
815 2061 1050 2121 Demosthenis?
1082 2062 1155 2132 hes,
1169 2076 1237 2136 quse
1247 2078 1294 2119 re·

196 2150 306 2210 citatur
317 2167 338 2228 ς,
350 2154 388 2225 γ’.
402 2168 530 2228 qumque
544 2170 581 2209 ex
593 2170 629 2211 ea
639 2150 747 2228 repetit
760 2159 860 2211 orator
871 2156 894 2217 i·
907 2152 938 2210 δ’.
954 2151 1073 2223 docent,
1093 2160 1164 2230 post
1185 2149 1294 2210 Pandi-

197 2260 292 2314 orum,
303 2243 348 2301 vel
361 2242 527 2315 lovialium,
538 2242 644 2303 festam
659 2242 778 2303 comitia
787 2262 823 2303 ea
835 2262 900 2303 esse
908 2243 1010 2304 haberi
1020 2242 1117 2316 solita,
1129 2243 1239 2319 quibus
1252 2241 1293 2302 de

195 2334 327 2411 peccatis
351 2336 433 2394 circa
454 2334 596 2413 Dionysia
616 2335 770 2411 judicaret
789 2336 927 2414 populus
967 2336 1032 2397 lam
1054 2336 1170 2397 ridetur
1182 2336 1245 2399 tore
1257 2344 1294 2397 ut

197 2433 305 2502 parcat,
320 2444 388 2504 quse
406 2424 593 2506 potissimum
608 2426 972 2512 inuttgansaruionysts,
985 2430 1012 2489 si
1032 2436 1149 2489 constet
1160 2428 1192 2488 ia
1209 2426 1294 2505 quod

199 2525 314 2594 tempus
332 2517 400 2576 anui
423 2518 585 2579 ceciderint
607 2519 740 2580 latialia.
781 2521 826 2578 Es
847 2529 945 2580 aute·
967 2520 1005 2593 (si
1024 2519 1116 2580 modo
1134 2518 1251 2581 Πάνδια
1262 2525 1295 2578 et

199 2609 421 2670 natanaelem
445 2619 514 2672 sunt
538 2609 623 2682 festa,
638 2611 720 2686 quod
743 2610 877 2688 Tayloro
889 2610 978 2670 lacile
994 2612 1097 2686 credo)
1114 2610 1294 2672 Scholiastes

199 2700 404 2779 Aristophanis
417 2700 455 2760 ad
470 2701 553 2761 Nub.
567 2707 638 2764 4⁰7.
654 2718 754 2759 mense
775 2700 1001 2762 Anthesteriooe
1020 2701 1193 2780 (respondet
1205 2702 1232 2761 is
1243 2719 1297 2760 no·
1411 2731 1415 2738 ·

200 2795 268 2854 stris
286 2793 426 2854 ianuario
447 2802 478 2852 et
504 2792 665 2853 Februario
687 2791 845 2853 dimidiatis
865 2792 999 2872 singulis)
1015 2802 1141 2855 exeunte
1153 2792 1297 2873 celebrari
1349 2842 1355 2848 .

200 2886 287 2946 solita
299 2894 490 2954 esseonsrrat.
530 2884 619 2944 Hunc
638 2885 663 2944 si
687 2884 847 2962 sequimur,
861 2903 930 2963 qam
950 2885 1008 2945 alia
1027 2895 1152 2964 possunt
1171 2883 1297 2962 intelligi

198 2979 341 3058 Dionysia
350 2979 407 3038 nisi
421 2979 527 3038 lenms
541 2985 591 3038 aut
602 2975 804 3053 Anthesteris,
818 2995 886 3055 quas
902 2977 1047 3038 humone
1064 2986 1117 3038 snt
1137 2978 1297 3040 Antbeste·
1414 3032 1417 3036 Δ

161 3125 163 3128 .
201 3070 283 3131 sione
309 3071 399 3143 (idem
421 3081 467 3131 est
494 3071 612 3142 mensis,
631 3069 770 3147 idemque
795 3052 927 3140 festum?
941 3069 1057 3148 duplici
1083 3070 1298 3148 appellatione)

203 3160 448 3222 celebrabantur?
468 3162 514 3221 Eo
535 3162 624 3240 igitur
637 3159 715 3221 festo
728 3159 880 3238 vapulavit
900 3160 1123 3222 Demosthenes.
1163 3161 1223 3222 Sed
1241 3163 1297 3222 ob·

201 3262 270 3326 slat,
285 3254 365 3330 quod
390 3254 453 3331 ipse
467 3252 541 3314 dicit
553 3260 575 3322 t.
590 3253 634 3313 κά.
648 3251 699 3311 fin.
719 3252 848 3314 ἐναντίον
860 3255 978 3312 πολλῶν
990 3286 1029 3304 -
1040 3256 1124 3328 ξένοιν
1133 3285 1174 3298 —-
1187 3251 1298 3330 bibald-

143 3379 145 3382 -
201 3331 268 3424 μὴν.
282 3338 323 3404 ci.
335 3345 424 3404 etiam
445 3357 466 3417 §-
480 3353 531 3406 ao.
548 3354 616 3422 post
629 3344 706 3404 med.
728 3343 843 3403 Lenaeis
861 3343 939 3403 enim
954 3345 1105 3424 Dionysiis
1129 3362 1188 3403 non
1207 3344 1297 3405 inter·

201 3444 284 3496 erant
293 3435 537 3514 peregrini,quod
549 3435 638 3495 docet
652 3434 819 3494 luculentus
827 3435 1035 3513 Aristophanis
1046 3436 1131 3496 locus
1146 3435 1175 3510 ia
1187 3435 1300 3498 Achar-

200 3527 342 3588 neusibus
352 3547 379 3586 v.
389 3534 461 3586 hol.
475 3533 545 3588 602.
588 3527 656 3598 Quo
667 3526 796 3598 accedit,
812 3526 966 3606 Dionysia,
979 3528 1003 3588 si
1015 3526 1186 3604 simpliciter
1195 3527 1299 3606 appel·

202 3619 309 3692 lentur,
330 3639 347 3678 e
368 3617 539 3679 Ruhnkenii
562 3619 716 3696 sententia,
740 3618 906 3679 manifestis
928 3618 1105 3698 argumentis
1124 3615 1240 3676 firmata
1252 3637 1298 3692 ea,

203 3709 391 3789 intelligenda
404 3727 469 3770 esse
491 3727 604 3788 magna,
619 3709 666 3768 sel
687 3711 807 3770 urbana.
849 3710 918 3777 Quo
932 3711 1027 3770 miuus
1045 3709 1147 3786 itaque
1160 3717 1299 3787 putemus

205 3800 340 3877 injuriam
353 3821 369 3860 a
383 3800 479 3860 Midia
489 3800 599 3861 factam
612 3820 676 3861 esse
690 3800 885 3861 Demostheni
902 3803 1063 3866 Διονυσίοις
1077 3802 1213 3872 ἀστικοῖς,
1227 3801 1301 3862 nihil

203 3891 329 3969 impedit
349 3892 403 3952 nisi
419 3893 598 3954 Scholiastes
615 3892 664 3954 ille
687 3892 904 3970 Aristophanis,
927 3888 1055 3954 louialia
1076 3891 1169 3952 mensi
1186 3895 1300 3954 Anthe-

205 3983 326 4042 sterioni
354 3985 512 4062 assignans,
538 4004 605 4044 curu
633 4003 736 4062 magna
769 3985 916 4044 Liberalia
940 4001 1040 4042 mense
1065 3984 1300 4063 Ehphebolionc

203 4073 383 4151 (Februario
405 4066 505 4135 nostro
527 4084 556 4135 et
581 4075 691 4135 Martio
712 4077 834 4154 mquali)
852 4075 1082 4150 celebrarentur,
1133 4076 1205 4150 Sed,
1221 4075 1300 4138 idem

204 4171 230 4228 si
243 4169 350 4232 erroris
365 4169 587 4241 convictorem,
607 4169 637 4230 in
659 4169 815 4230 miscendis
829 4170 973 4244 Ληναίοις
992 4178 1021 4229 et
1040 4177 1100 4236 τοῖς
1113 4171 1172 4229 rar’
1182 4172 1301 4257 appele,

204 4281 222 4320 a
233 4281 346 4321 summo
362 4259 548 4330 autumnis,
560 4261 595 4320 ad
611 4261 846 4324 Acharneusium
864 4280 892 4320 v.
902 4267 982 4334 2⁰1„
994 4259 1098 4339 quidni
1110 4279 1188 4333 eum,
1198 4261 1301 4327 itidem

205 4355 388 4432 intempore
413 4363 468 4413 τῶν
481 4353 616 4436 Πονδιίιν
636 4354 831 4432 designando,
853 4354 1060 4416 hallucinatum
1080 4374 1143 4414 esse
1169 4355 1302 4432 suspice.

204 4465 278 4517 mur,
301 4465 367 4506 cum
388 4447 460 4508 nihil
484 4455 626 4526 praelerea
648 4447 713 4526 ejus
737 4446 892 4508 sententia
911 4445 1029 4531 fareatl
1061 4445 1257 4530 Harpocratlc
1271 4455 1303 4510 et

242 4551 307 4592 νοι.
321 4552 364 4594 ιιι.
750 4553 768 4592 s
