3042 4975
229 312 288 386 10
392 259 397 273 ¹
515 319 781 391 SPALDINGII
805 320 1046 391 PRAEFA'TIO

232 472 335 552 Suidas
356 488 480 551 Jorialla
498 498 567 567 post
591 486 737 549 Liberalia
756 482 847 545 inisse
867 480 1018 545 celebrata
1040 491 1170 565 namot,
1181 504 1242 564 quo
1252 483 1324 563 ipso

231 602 345 659 magna,
360 582 406 641 'vel
431 581 552 651 urbana,
569 580 693 640 innuunt
715 576 867 639 Liberalia.
910 578 943 637 Si
956 578 1028 637 velis
1045 578 1146 657 itaque
1160 577 1323 639 defendere
1377 578 1383 588 ‘

230 674 379 735 scholium
400 672 437 730 ad
454 672 542 731 Arist.
562 674 674 742 Nubes,
688 670 807 751 'l'aylori
825 668 967 729 rationem
987 670 1105 731 deseras
1123 688 1246 731 necesse
1265 676 1323 739 est,

229 774 260 825 et
273 766 377 825 Διδσια
398 764 573 832 aliaeeliae
596 764 714 825 differre
728 759 878 841 agnoscas
922 762 964 821 Ea
979 772 1025 822 est
1039 762 1153 823 Corsici
1174 764 1204 822 in
1225 762 1323 822 Fastis

229 856 336 917 Atticis
354 856 506 929 sententia,
521 856 572 933 qni
592 856 694 916 Διάσια
708 853 927 915 Antbcsterioni
939 853 1079 931 assignat,
1092 854 1207 915 Πάνδια
1224 861 1323 913 autem

231 948 467 1026 Elaplrebolioni.
506 948 571 1009 Janr
586 949 661 1007 ratio
681 946 834 1009 reddenda
852 956 898 1007 est
915 946 1082 1008 lectionisa
1098 968 1145 1007 rnc
1165 947 1195 1006 in
1209 953 1323 1006 textum
1394 1004 1402 1011 ,

229 1050 377 1119 receptae:
399 1048 433 1121 τῇ
447 1042 579 1118 ὑστεραίᾳ
597 1052 654 1103 τῶν
679 1040 825 1101 Πανδίαν.
867 1039 964 1099 Nullis
977 1059 1014 1101 ea
1028 1040 1126 1101 Codd.
1140 1040 1254 1111 nititur,
1268 1036 1324 1097 sed

228 1142 308 1192 este
335 1134 508 1209 conjectura
532 1133 678 1193 Palmarii.
720 1128 869 1193 Firmat'ur
888 1141 985 1192 tamen
1006 1133 1087 1204 satis,
1107 1132 1199 1212 ipsius
1212 1133 1322 1191 Demo·

229 1224 387 1299 sthenis(§.
404 1225 435 1283 δ’.
439 1224 449 1298 l
470 1222 582 1293 verbis;
607 1234 639 1285 ut
659 1225 775 1285 licuerit
792 1244 858 1283 eam
873 1226 936 1284 aine
950 1223 1163 1283 dubitatione
1155 1242 1185 1282 ru
1199 1221 1250 1282 tals
1260 1221 1323 1281 edr

228 1316 307 1375 tione
329 1315 505 1403 exprimere,
525 1336 579 1393 pro
598 1316 696 1376 Codd.
718 1325 748 1376 et
769 1314 839 1375 edd.
853 1315 1015 1392 depravato
1029 1315 1102 1376 lllo·
1092 1316 1156 1377 ·δν
1172 1313 1321 1374 Πανδιονι.

229 1406 334 1467 Restat
357 1420 407 1478 τῆς
420 1420 535 1484 πομπῆς
549 1432 586 1489 τῳ
573 1412 725 1489 ’Διονύσῳ
740 1409 772 1467 ἕν
786 1407 914 1485 Πειραιεῖ
932 1408 1043 1467 manlio
1063 1412 1098 1486 (ς.
1112 1407 1145 1468 d.
1161 1406 1251 1481 lacn)
1268 1424 1322 1463 uo·

228 1498 277 1556 bis
301 1499 504 1576 expendenda.
546 1501 730 1559 Memoratur
748 1499 806 1558 boc
825 1498 933 1558 festum
947 1500 1005 1557 boc
1022 1516 1082 1557 uno
1097 1498 1175 1571 loco,
1193 1505 1226 1557 nt
1245 1494 1322 1555 diffi-
1333 1504 1338 1514 '

228 1588 284 1647 cile
300 1590 338 1648 sit
351 1590 461 1668 aliquid
479 1592 553 1651 certi
566 1592 606 1651 de
619 1611 655 1651 eo
668 1600 806 1651 statuere.
848 1590 878 1651 Si
893 1598 1071 1667 reputemus,
1091 1591 1147 1651 tria
1165 1590 1252 1651 etiarn
1271 1586 1322 1646 bic

228 1682 391 1741 enumerari
413 1684 557 1763 Dionysia
570 1692 601 1743 et
614 1692 749 1744 constare
763 1684 803 1742 de
815 1687 916 1766 πομπῇ
929 1688 963 1767 τῇ
977 1685 1023 1741 erl
1033 1682 1155 1763 Ληναίῳ
1167 1679 1275 1759 pariter
1284 1696 1320 1739 ac

228 1772 339 1840 dorcic
362 1774 485 1835 indures
511 1775 680 1845 Aceruntiae,
707 1772 853 1851 reliquum
866 1792 931 1832 esse
950 1773 1056 1833 festum
1079 1767 1259 1833 Liberalium
1271 1788 1322 1830 ru·

227 1863 332 1923 salium
346 1865 513 1944 apparebit.
548 1864 631 1933 Quid
647 1866 671 1925 si
683 1864 755 1925 illud
771 1874 817 1926 est
829 1866 926 1943 ipsum
944 1866 1002 1925 boc
1025 1866 1056 1926 ἐν
1067 1863 1216 1942 Πειραιεῑῖ
1257 1862 1321 1921 De.

226 1976 292 2017 mus
307 1960 401 2017 tribus
430 1959 695 2037 Hippotboontidls
718 1967 783 2019 erat
806 1959 871 2037 ipse
887 1958 1028 2029 Piraeeus,
1053 1956 1135 2036 quod
1161 1954 1322 2015 luculentis

225 2050 399 2108 testimoniis
423 2048 553 2107 ostendit
569 2048 716 2107 Meursius
739 2050 769 2105 in
793 2050 917 2110 Piraeeo.
958 2051 994 2107 ln
1018 2048 1114 2108 demis
1131 2054 1229 2107 autem
1252 2055 1320 2123 agei

226 2141 333 2199 bantur
351 2138 534 2197 Asseriates&
548 2140 606 2196 κατ’
619 2138 735 2214 ἀγροὺς,
749 2144 784 2197 ut
803 2158 839 2196 ex
854 2138 1059 2214 Aristophanis
1080 2137 1320 2205 Acharneusibus

204 2231 314 2304 ¹docet
339 2228 530 2289 Ruhnkenius
553 2230 573 2289 l.
588 2249 628 2304 c.‚
650 2248 710 2307 qno
735 2229 884 2308 pertinent
902 2230 969 2289 haec
992 2230 1177 2308 potissimum
1200 2228 1320 2289 Comici

223 2323 312 2382 verba
325 2310 364 2397 (ιῖ
379 2324 568 2394 263—267)t
589 2325 683 2403 φιλῇς
695 2354 734 2367 -
744 2320 809 2402 its-q
830 2324 855 2382 α’
868 2320 922 2381 ires
945 2330 1109 2401 προσεῖπον,
1128 2326 1169 2389 eie
1182 2320 1231 2382 τὸν
1243 2320 1320 2391 “dti·

224 2416 296 2496 μιν·
308 2415 399 2473 ἐλθὼν
416 2415 548 2492 ἄσμενος.
590 2414 753 2492 Optarerat
767 2422 865 2473 autem
883 2421 970 2474 antea
981 2419 1021 2490 (v.
1031 2415 1105 2493 250)
1116 2414 1194 2474 idem
1208 2414 1260 2493 qni
1270 2412 1319 2472 illa

222 2506 297 2566 (licii
317 2505 508 2585 chaeopoll8‚
524 2514 557 2565 ut
577 2505 632 2566 sibi
654 2507 754 2566 liceret
775 2510 951 2582 dynyeiu-
963 2513 999 2566 rd
1023 2511 1082 2566 κατ’
1105 2504 1210 2589 dyporig
1223 2507 1320 2566 Acori·

224 2623 283 2658 σια.
324 2595 464 2673 Ejusdem
479 2598 593 2673 generis
607 2597 745 2657 videntur
766 2617 831 2656 esse
843 2603 881 2657 ret
901 2599 933 2658 ἐν
952 2599 1097 2678 Βραυρῶνι
1121 2599 1266 2671 Διονύσια,
1279 2598 1319 2658 de

223 2691 332 2768 quibus
347 2699 390 2748 est
405 2689 619 2749 Henrsterbusii
633 2687 798 2766 disputatio
808 2688 845 2747 ad
861 2689 990 2748 Pollucis
1002 2691 1053 2749 lib.
1063 2699 1093 2751 9.
1108 2698 1158 2754 74.
1175 2681 1205 2767 p.
1225 2697 1317 2750 1046.

223 2783 273 2840 Sin
275 2801 349 2860 ‚pro
363 2781 458 2851 variis,
473 2780 522 2839 ubi
541 2799 578 2838 ao
560 2781 695 2859 g,ebatnr
709 2779 815 2858 demis,
830 2782 909 2839 varia
928 2781 1055 2841 fortasse
1073 2781 1240 2841 asciscebat
1263 2800 1317 2840 no·

222 2873 301 2932 mina
323 2871 489 2930 universum
511 2873 568 2930 boc
588 2871 769 2930 Liberalium
788 2871 927 2931 ruralium
940 2871 1064 2941 festum
1089 2893 1187 2951 neque
1210 2873 1317 2932 mirum

223 2967 270 3036 sit,
286 2964 311 3023 si
328 2963 485 3023 Pincensia
498 2949 654 3036 Liberalia,
668 2972 808 3041 tanquam
822 2964 929 3023 ceteris
943 2965 1069 3024 clariora
1089 2971 1120 3024 et
1140 2964 1244 3041 majori
1262 2983 1317 3044 ap·

223 3065 328 3134 paratu
346 3055 393 3134 agi
414 3055 500 3113 solitu
524 3064 662 3134 prototo
686 3075 794 3133 genere
813 3055 842 3113 b.
853 3054 873 3113 l
895 3067 1101 3117 memorentur.
1144 3058 1316 3136 liancqua·

221 3148 398 3225 lemcunque
412 3147 614 3224 conjecturam
627 3146 806 3206 eruditorum
828 3147 964 3220 examini,
976 3149 1097 3208 meliora
1109 3147 1211 3211 doceri
1230 3169 1316 3229 para·

219 3249 267 3296 tus
271 3239 436 3317 ‚relinquo
479 3241 525 3298 De
544 3239 681 3316 choragia
700 3239 756 3298 boc
782 3239 849 3298 loco
870 3239 1041 3319 disputandi
1061 3242 1154 3302 otium
1167 3243 1228 3303 fere
1244 3243 1316 3302 mibi

219 3330 291 3390 iecit
313 3331 484 3390 libanius
476 3351 504 3389 ια
531 3339 712 3408 argumento,
738 3331 788 3390 cui
811 3330 921 3391 addere
941 3332 1106 3409 jurabitF.
1122 3336 1158 3392 A.
1173 3333 1315 3394 Wolfiiia

221 3425 354 3501 Prolegg.
379 3423 416 3482 ad
436 3421 609 3501 Lrptiueam
622 3427 664 3501 (p.
680 3429 748 3486 371.
765 3442 851 3502 seqq.
864 3425 922 3483 eol.
937 3424 991 3500 ll.)
1013 3425 1056 3484 rei
1078 3426 1313 3503 explicationem.

220 3519 304 3577 lllam
316 3527 386 3596 tau
368 3518 531 3576 erelrceat
541 3518 744 3593 quaestionem
756 3517 851 3593 qualis
861 3515 969 3576 fuerit
961 3537 985 3576 rs
987 3517 1314 3594 qstremDemostbenes

219 3611 367 3682 instruxit,
382 3611 511 3669 chorusl
533 3608 657 3668 Duobus
676 3607 818 3668 orationis
842 3616 951 3669 nostrae
973 3609 1082 3680 locist
1068 3611 1129 3679 §.b
1143 3608 1315 3668 ubimemo.

218 3704 358 3761 rantur
333 3727 358 3761 αι
374 3705 461 3781 κριταὶ
483 3725 521 3780 sp
543 3704 634 3775 δγιῖινι
659 3725 694 3760 ru
697 3725 714 3761 ν
733 3705 771 3759 ἀ
772 3701 852 3779 δρων
872 3710 903 3761 et
920 3711 942 3772 §
957 3702 1010 3782 μδ.
1024 3702 1074 3760 ubi
1094 3702 1137 3760 ait
1158 3708 1260 3760 noster
1281 3723 1313 3762 ae

219 3797 438 3872 κεχορηγιικέιαι
428 3797 588 3866 ιαίιλησαῖς
602 3792 721 3872 ἀνδράσι
735 3795 805 3852 sctis
816 3793 951 3871 apparet,
966 3790 1117 3853 tibicinum
1131 3791 1222 3853 luisse
1236 3812 1313 3854 cum.

219 3890 282 3962 lips.
264 3887 320 3941 rol
344 3892 440 3943 sutem
455 3884 505 3956 illi,
520 3894 589 3962 post
602 3883 740 3943 editum'
732 3903 764 3943 ur
777 3885 896 3945 theatro
910 3903 1024 3958 munus,
1036 3891 1115 3943 sorte
1127 3881 1313 3945 ducebantur

218 3975 259 4035 ab
276 3975 439 4045 Archonte,
455 3975 522 4036 festi
538 3975 732 4037 moderatore

258 4067 378 4142 Injuriae
399 4087 415 4125 a
432 4067 630 4128 Demosthene
644 4077 777 4148 acceptae
793 4087 884 4146 genus
898 4067 998 4144 paullo
1012 4066 1142 4127 curatius
1166 4085 1313 4144 exponere

218 4177 277 4218 non
292 4159 330 4216 ab
354 4175 384 4215 rc
398 4157 497 4216 inerit.
531 4160 648 4219 Dicitur
668 4183 716 4220 ιον
718 4161 818 4228 illone
831 4163 984 4239 εἰληφέναι.
1006 4161 1178 4220 ιιΠόνδιιδιιιι
1192 4159 1314 4237 proprie

217 4257 287 4310 runt
308 4249 380 4327 ipsae
402 4248 589 4308 articulorum
611 4252 642 4310 in
663 4251 764 4329 digitis
785 4251 1002 4330 prominentioe,
1016 4262 1108 4328 atque
1128 4251 1199 4311 inde
1224 4252 1313 4310 etiam

216 4342 305 4421 plaga
326 4341 460 4401 articulis
491 4339 628 4402 inflicta.”
671 4344 771 4403 Verba
798 4352 868 4402 sunt
896 4344 1067 4421 lnngbaeuii
1086 4341 1125 4401 ad
1151 4342 1312 4419 Longinum

214 4438 269 4514 (p.,
282 4433 392 4508 Tollio,
413 4435 497 4510 166.)
518 4433 559 4497 ct‘.
580 4436 668 4496 Ar'nt.
689 4437 767 4500 Hist.
789 4436 916 4498 animall.
936 4443 964 4502 l;
980 4443 1029 4499 15.
1073 4435 1132 4500 llic
1152 4435 1311 4515 vapulandi
