3042 4975
221 388 224 395 ,
302 280 1123 391 nnoo‘naxrurounnpnrn.
1202 305 1284 385 515

257 494 298 546 lor'
305 495 424 562 ἀριστερὰ
433 494 507 562 μέχρι
520 494 692 563 Βορυσθένους
701 496 744 544 eai
754 493 982 555 πάλινἊθὴναζε,
994 494 1036 544 irri
1049 492 1185 553 διακοσίαις
1197 488 1284 542 eirone-

254 566 331 617 rim
342 566 390 625 nde
404 566 499 629 χιλίας.
514 567 560 617 ido
576 566 608 616 tt·
617 565 671 633 μετ’
681 565 835 633 Ἀρκτοῦρον
846 564 1015 615 ἐκπλεύσωσιν
1031 562 1057 615 ie
1073 566 1117 615 rori
1130 563 1232 616 Πόντου
1246 558 1279 625 ἐφ’

187 716 301 783 lrirgtror,
309 719 361 768 sive
371 736 440 782 quem
451 720 522 769 elium
532 721 586 769 inde
597 736 649 769 esee
660 721 723 769 eble-
746 726 864 767 aretur-am
873 726 960 780 portum
968 727 1044 765 areant
1054 734 1065 765 e
1074 718 1146 765 Ponto
1156 718 1185 764 ad
1193 730 1282 763 merum

184 788 295 847 padum.
321 786 460 847 syngrapho
470 785 513 833 illu
522 794 573 833 erut
583 787 614 833 de
626 787 723 848 ροοιιιιίι
745 786 918 844 promontorium
926 784 1066 845 navigaturi,
1073 791 1164 829 nenena
1175 782 1199 828 ia
1210 780 1281 827 milie-

187 848 320 909 trojeutitie,
331 848 381 895 eive
391 850 480 895 ioenore
495 851 588 897 nuntiae
600 850 662 903 datu,
677 850 723 909 ἆμ-
747 863 796 895 nor.
820 848 874 895 lloa
884 848 980 909 perinde
991 854 1028 893 est
1038 862 1064 892 an
1076 845 1095 891 si
1106 846 1203 898 diceret,
1212 846 1236 891 in
1244 846 1282 891 de-

186 911 341 975 pmpiwnom.
373 915 518 974 Quandoque
530 912 628 973 tetrarte
638 916 669 959 ri
678 913 724 959 irr-
748 927 789 958 reas
805 913 876 959 minor
890 920 957 958 terno
968 910 1281 971 minanellrinaoumqua·

188 974 287 1039 ςὸαλιιιι,
297 977 434 1037 quaudoque
447 977 628 1040 ἅμφιτιςὸσλωι
637 981 667 1023 τὸ
678 974 724 1023 ire·
748 977 829 1021 draute
838 977 913 1021 noina:
926 990 977 1035 qaae
986 975 1045 1021 retia
1054 972 1121 1032 longe
1132 973 1195 1019 ebert
1204 974 1233 1017 eb
1242 972 1283 1017 ille

188 1039 289 1103 ρόπλοια,
301 1043 392 1101 qnando
403 1057 432 1088 eo
449 1042 509 1097 loeo,
524 1058 570 1102 quo
581 1042 725 1088 vehebantur
748 1038 1083 1086 centenimalreuureinnurnm.
1096 1038 1149 1083 Hoo
1159 1036 1219 1081 enim
1227 1050 1281 1081 oon·

188 1118 287 1158 meroes,
297 1104 396 1165 pecunie
405 1113 485 1153 mutuo
500 1115 596 1167 recepte
612 1103 723 1152 eruditori
750 1104 942 1149 reotot'euornon
953 1102 977 1148 in
987 1116 1086 1149 mensem
1097 1108 1207 1147 statutum
1215 1099 1283 1146 intel·

188 1169 308 1214 reddenda
325 1176 374 1215 erat
389 1184 440 1215 oum
464 1168 550 1222 usuris,
570 1168 591 1214 si
610 1169 723 1215 selenen
748 1166 1282 1227 ligo‚eedeemelinmerisnommeetumreme·

187 1232 317 1292 uppulisset
327 1232 495 1289 nuris—Qai
510 1230 608 1295 ὶδάιιιζοι
622 1235 723 1295 ippon-
748 1240 866 1291 utumque,
876 1238 902 1277 et
912 1230 935 1275 in
948 1232 998 1290 ejas
1008 1228 1171 1291 negotiationis
1184 1228 1281 1275 exituro.

187 1294 281 1359 ριιλιυι,
296 1296 407 1342 creditum
423 1296 544 1357 pecunium
562 1314 608 1344 non
622 1297 721 1357 reeipie-
748 1294 785 1342 De
795 1310 839 1341 arse
849 1295 889 1341 lilr.
902 1296 923 1341 1.
934 1310 959 1354 p.
970 1296 1010 1341 31.
1027 1294 1149 1342 Boonoe.

189 1360 254 1413 hant.
273 1375 314 1405 neo
338 1361 491 1414 uteremini
513 1375 571 1407 nere
590 1361 613 1406 in
629 1369 722 1421 portum
780 1356 1137 1421 'Ebeliparr'eigeroipor-iopir]
1156 1356 1236 1403 Hebes
1244 1356 1283 1401 hie

187 1425 251 1469 uude
259 1422 362 1470 solverer
371 1436 475 1471 reverse.
508 1426 566 1471 (iuro
581 1425 654 1485 igitur
664 1434 722 1471 tem·
747 1439 824 1470 nsurae
831 1422 1020 1475 additamentum.
1031 1422 1051 1469 si
1059 1422 1151 1483 langius
1160 1421 1284 1483 progrede-

186 1501 232 1547 pue
243 1488 356 1533 inuentum
368 1494 439 1543 esset,
450 1504 497 1549 quo
508 1488 575 1536 nuris
585 1504 614 1535 eo
625 1504 723 1549 perreu-
747 1496 811 1535 retur
828 1486 953 1547 nerigntie.
981 1487 1078 1533 Nullum
1096 1486 1168 1547 igitur
1189 1484 1282 1544 tempod

149 1581 152 1589 ·
187 1558 240 1598 tura
251 1558 322 1605 esset,
332 1566 378 1613 quo
388 1553 504 1608 teudebet,
522 1560 562 1599 eut
576 1552 669 1601 domum
686 1568 722 1604 re·
747 1560 797 1599 eret
806 1558 905 1607 uenturo,
915 1566 958 1597 neo
969 1564 1038 1597 usare
1050 1551 1080 1596 ab
1092 1558 1184 1611 tempus
1195 1556 1282 1595 eertum

187 1627 293 1671 vennone,
311 1630 356 1661 non
371 1622 462 1675 poteret
484 1615 595 1664 constitui
612 1632 683 1664 auore
697 1616 722 1664 in
765 1615 872 1669 nouisse,
893 1615 935 1661 eed
951 1615 974 1660 in
995 1621 1102 1660 eveniam
1120 1612 1283 1674 navigationis.
1370 1640 1374 1643 -

188 1678 252 1725 diem
265 1686 363 1734 eertum,
374 1695 420 1725 non
434 1680 458 1727 iu
469 1696 579 1735 mensem,
589 1687 630 1727 out
642 1681 665 1726 in
683 1696 722 1727 ιιι-
747 1632 783 1743 ip'
793 1679 841 1743 iegir
851 1680 919 1726 eliter
930 1679 1022 1739 aoeepit
1031 1678 1141 1733 Wuilios,
1152 1678 1213 1737 quod
1226 1677 1283 1738 quid

186 1758 250 1797 num,
262 1750 286 1788 et
299 1737 356 1792 ideo
364 1744 439 1790 nullas
449 1752 499 1790 erat
514 1759 590 1791 usum
603 1744 723 1791 maritimoe
747 1754 810 1791 esset
821 1745 906 1790 docent
917 1742 1115 1809 nnsssremmutioi
1127 1742 1168 1788 Gr.
1184 1738 1232 1804 inpio
1241 1745 1283 1787 rein
1305 1751 1306 1755 ’

186 1807 277 1862 modus,
289 1806 329 1853 sed
346 1817 415 1867 prout
431 1815 571 1855 oonrenerut
588 1808 650 1854 inter
667 1825 723 1855 erra·
748 1808 827 1854 lailoun
834 1808 889 1854 Srn'ir
899 1806 919 1853 ir
930 1806 1042 1868 Boneipp.
1060 1807 1218 1853 Hensnooe.

187 1872 313 1925 tnhentee,
322 1870 375 1933 (qni
394 1885 439 1918 nou
456 1878 502 1919 tam
522 1880 621 1933 tempor,
636 1873 666 1919 de
677 1888 723 1933 quo
780 1869 828 1933 Ἐφ’
838 1871 894 1935 irpir]
909 1870 1056 1932 lmrrgiseime
1067 1870 1183 1917 oberravit
1195 1870 1283 1916 Petitae

187 1934 245 1982 nilril
256 1935 314 1981 uerti
326 1936 503 1997 ntetuipoterat‚
515 1951 584 1997 quam
595 1937 723 1997 perieulum
747 1951 763 1984 e
778 1953 833 1984 rena
847 1935 1037 1995 interpretatione
1057 1936 1125 1997 liujue
1146 1934 1282 1995 syngrapho

185 1998 343 2063 pendebant)
363 2000 397 2045 ite
418 2000 553 2047 delebetur.
593 2000 663 2058 Quod
685 2002 723 2049 rel
747 2002 772 2047 iu
788 2016 846 2048 roeo
861 1997 964 2061 te'trgtr:
983 2000 1109 2046 eratenim
1127 2000 1192 2045 looua
1206 1998 1229 2044 in
1241 2012 1281 2043 ore

185 2064 238 2111 uteo
250 2062 556 2125 syngreplteoigniiiuat,abi
566 2066 724 2124 pecuniaeret
749 2065 848 2125 Bospori
867 2062 1041 2123 septentrioneli
1056 2064 1091 2111 sio
1103 2071 1200 2110 ruoatus
1212 2061 1237 2107 ri
1253 2062 1282 2107 ir·

185 2135 269 2175 mutuo
285 2127 340 2174 dete
353 2126 537 2190 ἆμφιτιςὸπλοιιι.
569 2128 628 2174 Sane
646 2129 724 2189 priore
746 2126 777 2192 pir
787 2130 817 2175 ‹ie
828 2144 874 2189 quo
884 2128 976 2175 Herod.
989 2131 1015 2175 Ι..
1027 2128 1069 2174 lV.
1080 2144 1101 2173 n.
1112 2130 1151 2175 87.
1168 2126 1282 2187 Polybius

188 2191 259 2237 vertr-
273 2190 307 2238 ite
323 2198 435 2253 oonoepte
450 2200 512 2246 sunt,
524 2198 550 2238 nt
562 2192 683 2239 rideantur
693 2194 723 2240 eb
748 2194 778 2239 la.
790 2194 833 2239 lV.
851 2208 871 2239 o.
882 2194 922 2239 39.
941 2204 965 2237 et
982 2193 1063 2238 eodem
1080 2192 1124 2238 lib.
1138 2189 1234 2237 inlerins
1251 2190 1282 2235 de
1320 2224 1323 2227 „

186 2254 253 2301 initio
268 2252 361 2317 laniirn
379 2253 511 2318 inopinam,
526 2256 557 2302 ed
576 2256 723 2316 Bosphorum
747 2256 833 2304 Prusia
843 2256 929 2303 bellum
938 2256 1049 2303 inier'ente
1060 2255 1198 2315 Byzantinis
1209 2270 1230 2300 a.
1242 2256 1283 2301 50.

185 2333 259 2380 unque
270 2334 313 2379 per
324 2318 434 2365 Mendem
445 2326 470 2366 et
482 2320 601 2378 Saianem3
620 2322 661 2367 sed
670 2336 723 2381 pro·
747 2321 831 2369 Strabo
845 2322 871 2367 [r.
884 2322 942 2367 Vll.
954 2336 978 2382 p.
988 2323 1043 2369 492.
1052 2326 1075 2365 et
1085 2320 1111 2365 u.
1121 2320 1143 2365 X
1151 2320 1182 2365 ll.
1192 2334 1215 2379 p.
1226 2320 1282 2365 812.

184 2382 248 2429 teoto
264 2381 363 2445 ὶδέιιιζοι
378 2382 562 2446 impermistum,
572 2400 616 2445 pro
627 2385 722 2446 navige-
747 2385 777 2431 de
789 2385 888 2445 Sinope:
905 2384 970 2449 διέχει
985 2383 1006 2430 li
1017 2385 1055 2429 roi
1069 2382 1111 2445 μὲν
1124 2382 1182 2444 'logei
1194 2398 1288 2445 epexe—

90 2504 94 2512 .
186 2445 250 2494 lione
265 2448 294 2494 ud
312 2448 459 2510 Bosphorum
471 2464 599 2512 usqueper
613 2450 722 2497 Mendem
747 2447 809 2501 λίους.
833 2450 870 2496 Ex
884 2446 1283 2510 quibuspotet,quempnraarieli·

187 2518 212 2557 et
223 2512 340 2566 Solonem,
350 2519 390 2557 eut
401 2513 469 2558 etiam
482 2513 598 2560 esioistra
610 2529 682 2575 neque
693 2515 722 2560 ed
748 2513 807 2559 niter
821 2513 964 2559 intellexerit
978 2512 1125 2558 doctissimus
1140 2508 1226 2571 alioqui
1246 2511 1284 2556 rir

141 2595 144 2598 ⁴
188 2575 366 2636 Borysthenem,
387 2581 412 2622 et
431 2576 508 2623 reditu
527 2577 643 2632 Athonem
660 2577 723 2638 quod
748 2578 894 2624 hunoloeum
913 2583 1009 2637 propter
1028 2572 1203 2638 irrepgeenoian
1215 2587 1284 2634 quum

186 2639 257 2700 penio
266 2639 722 2701 ebenuriueinterpretetusesthllius.
747 2641 824 2688 omnis
834 2643 918 2687 doetus
931 2641 1005 2686 nitere
1017 2639 1095 2694 debet,
1105 2648 1127 2688 et
1138 2640 1167 2685 de
1179 2639 1283 2686 locorum

184 2702 311 2765 mergitur
329 2717 384 2749 ouen
403 2702 531 2752 CCXXV.
546 2707 666 2752 dreolrmee
681 2706 723 2752 eti·
747 2705 795 2751 situ
805 2708 864 2752 bene
875 2703 1025 2764 intelligendo
1039 2704 1153 2752 sollicitus
1165 2719 1226 2758 esee,
1238 2703 1284 2749 nisi

185 2767 325 2828 puielrentnr
331 2780 375 2828 pro
382 2767 418 2814 Μ.
424 2769 549 2824 drachmis,
557 2770 619 2829 qnod
627 2769 721 2828 quidem
746 2769 806 2815 relit
818 2769 903 2828 sepios
913 2767 936 2814 in
948 2767 1034 2814 telilrun
1044 2769 1179 2828 impingere.
1205 2767 1285 2814 Pluri-

184 2831 260 2879 foenua
270 2829 296 2876 ri
307 2829 447 2893 inimum
457 2833 572 2878 excedere
586 2832 618 2880 eit
635 2833 721 2879 Selme-
746 2834 791 2880 leus
808 2833 867 2880 inire
882 2833 968 2879 seonlis
985 2833 1014 2878 de
1031 2845 1060 2878 eo
1076 2833 1129 2880 loeo
1145 2830 1284 2878 mentionem

186 2895 236 2942 sina
252 2896 283 2942 de
295 2897 329 2941 Μ.
340 2895 369 2942 U.
381 2910 406 2955 p.
418 2899 473 2942 210.
491 2897 531 2944 ubi
547 2897 615 2943 raldo
630 2913 657 2943 se
672 2903 721 2943 tar·
746 2897 803 2943 ieoit
813 2897 944 2955 Procopius
956 2899 983 2944 la
997 2897 1018 2946 1.
1031 2897 1060 2942 ‹le
1072 2897 1134 2943 bello
1146 2897 1283 2951 vendolium

185 2966 241 3019 quet
251 2961 344 3007 insin.
376 2960 435 3005 (lum
454 2959 515 3005 enim
530 2961 618 3006 nullom
634 2967 721 3006 eertum
747 2966 771 3004 et
780 2959 1050 3008 deeediiiciisluetioiaul
1059 2961 1115 3006 lal.
1132 2961 1178 3007 Sed
1191 2969 1283 3006 etnuno

186 3029 279 3083 lempna
295 3028 359 3069 esset
373 3023 498 3068 reddenda
514 3023 619 3082 peonniae
636 3024 723 3069 conati·
747 3023 816 3068 etiem
829 3029 906 3068 munet
916 3024 975 3070 illud
987 3037 1068 3068 nomen
1081 3023 1206 3084 antiquom.
1222 3025 1283 3070 'l'ar-

186 3093 272 3144 tutum,
290 3085 331 3132 ned
350 3085 443 3132 omniuo
462 3085 584 3140 inuentam,
607 3086 723 3144 quomodo
748 3083 783 3130 ein
793 3085 853 3138 enim
865 3087 950 3132 dieitur
963 3085 1052 3148 Aigina,
1068 3089 1130 3146 qnod
1143 3085 1214 3133 ostri
1228 3084 1284 3148 lepis,

186 3148 620 3258 dieipotestpuielueritilliususurae
629 3149 724 3195 modus?
748 3148 849 3194 Arabioe
859 3149 919 3195 enirn
931 3149 955 3194 nl
965 3157 1002 3195 eet
1013 3151 1124 3196 articulus
1136 3151 1283 3198 antecedens.
1351 3203 1353 3208 ¹

185 3215 223 3263 Au
231 3213 293 3267 eritne
303 3211 337 3260 ior
346 3226 464 3274 σιμπτος,
475 3213 512 3259 rel
524 3210 674 3274 latrinam,
684 3213 722 3260 rel
748 3214 777 3260 ln
792 3214 842 3272 ejas
854 3215 919 3260 nocie
931 3213 1120 3274 interpretatione
1131 3215 1217 3260 errarit
1229 3215 1282 3262 Nio.

186 3277 303 3342 ἐπίτριτος,
322 3277 361 3323 rel
376 3277 428 3338 quis
444 3277 503 3323 elion
521 3276 569 3323 diui
586 3283 673 3338 patent,
684 3278 723 3324 ubi
748 3277 888 3324 Alamennun
901 3278 924 3324 in
941 3277 996 3323 Not.
1013 3278 1041 3323 ed
1058 3278 1160 3338 Prooop.
1170 3275 1283 3326 ’Arialora

184 3343 248 3390 nolle
267 3341 381 3402 temporis
397 3355 506 3389 mensure
520 3343 600 3388 certe?
625 3342 723 3401 Quidni
767 3345 841 3388 .105.
858 3341 897 3387 nbi
914 3340 971 3386 citet
985 3343 1056 3388 rerba
1066 3341 1227 3404 ‘l'lteoplreniez
1244 3345 1284 3396 rie

186 3409 260 3455 altero
276 3415 332 3468 poet
343 3421 422 3452 menne
436 3419 559 3453 reversura
573 3413 623 3451 eret
639 3405 722 3452 nevis?
755 3404 837 3456 neore
846 3403 1148 3467 mirei‘trpoirinsyipne
1159 3405 1284 3469 sampigneio

186 3472 251 3532 Quid
261 3472 280 3518 ei
292 3477 347 3532 poet
355 3470 516 3525 bimestre,eut
524 3467 656 3516 trimestre?
669 3471 723 3517 June
748 3467 855 3529 lenierat,
864 3478 888 3515 et
895 3470 1073 3531 interpretetur:
1090 3471 1164 3533 Ab'ydi
1175 3479 1196 3518 et
1208 3471 1284 3532 templi

186 3535 208 3582 ei
219 3541 272 3598 pust
283 3539 398 3581 eruturum
406 3551 421 3581 e
428 3535 505 3582 Ponto
514 3533 647 3585 solvissent.
655 3532 723 3580 rides
747 3535 899 3597 uectigalium,
910 3549 957 3596 que
970 3535 1099 3580 commercia
1111 3543 1226 3592 uocantur,
1237 3551 1283 3583 rno-

186 3613 279 3646 usonem
295 3605 395 3652 aueum,
407 3597 521 3659 siquidem
540 3613 583 3659 pro
593 3597 630 3645 di.
641 3598 723 3644 druch·
748 3598 803 3644 dum
811 3599 898 3646 statuit.
919 3601 947 3645 Et
956 3597 1040 3646 deinde
1049 3599 1126 3646 eddit:
1144 3599 1218 3659 tempii
1231 3599 1284 3648 Bio-

186 3663 232 3709 mia
242 3661 311 3708 000.
322 3662 480 3708 dnehmernm
497 3676 566 3709 urum
581 3668 631 3709 erut
646 3669 723 3723 pente.
747 3661 865 3710 eiterniaai
874 3663 966 3716 seilicet,
977 3663 1035 3724 qaod
1045 3669 1075 3709 ert
1090 3664 1120 3710 ad
1132 3665 1186 3711 notia
1198 3661 1284 3711 Erasini

187 3727 248 3772 Nem
263 3739 307 3786 pro
321 3722 446 3788 τμοχιλίιις
461 3727 584 3785 legendnm
596 3725 629 3773 ibi
648 3723 725 3804 χιλίας
746 3728 934 3790 marianorum
943 3727 1027 3774 diniad
1035 3739 1057 3786 ρ.
1068 3728 1107 3776 15.
1127 3727 1196 3774 Ostia
1206 3737 1284 3776 eutem
1335 3730 1340 3735 “

187 3791 333 3850 dooenthum
343 3799 470 3849 sequuntur
480 3789 503 3834 in
518 3791 599 3836 eadem
609 3798 723 3838 oreliano.
748 3789 835 3838 Euxini
845 3789 956 3852 intelligit
971 3789 1070 3852 Bospori
1084 3789 1107 3837 in
1120 3792 1284 3854 Propontidem

179 3853 368 3913 ,diffidentium
378 3853 483 3914 peaunin
492 3855 621 3913 perieulum
632 3855 661 3901 td
672 3871 724 3902 ore·
747 3856 870 3904 detinentis
881 3871 917 3911 oe,
930 3862 955 3901 ut
966 3854 1048 3901 ridere
1058 3863 1094 3902 eet
1106 3855 1130 3901 in
1141 3857 1194 3920 ejus
1205 3857 1283 3903 verbis

188 3917 287 3964 diturum
299 3915 440 3976 pertinebat,
450 3931 497 3976 non
508 3918 536 3964 ed
549 3917 689 3974 debitorem.
700 3926 725 3966 et
747 3920 778 3967 ed
795 3937 817 3980 p.
837 3921 875 3968 15.
893 3919 933 3966 ubi
948 3919 983 3965 eie
1001 3917 1046 3964 ait:
1064 3919 1169 3980 templum
1181 3919 1225 3968 Dei
1237 3925 1284 3968 mai

186 3981 243 4028 ideo
254 3995 331 4026 enarre
341 3980 436 4026 inlinitur
447 3979 464 4026 i.
471 3993 492 4027 e.
505 3995 551 4028 nou
559 3982 669 4036 definitae.
681 3984 723 4031 sed
747 3987 797 4038 trio.
805 3985 863 4046 qnod
875 3981 981 4046 Butuntii
995 3985 1153 4030 mominimum
1159 3983 1223 4046 fuit,
1234 3993 1283 4032 erat

188 4053 259 4092 tenter
274 4050 365 4105 quonia
385 4043 409 4090 in
427 4045 599 4106 stipulrtionem
616 4047 723 4093 deducta
747 4047 907 4108 odipranrlrir
922 4047 1003 4094 moenio
1018 4055 1040 4093 ot
1055 4049 1109 4094 aetio
1122 4047 1284 4098 Euninirnarir

188 4115 268 4168 erant;
284 4109 452 4168 quianontem
465 4123 541 4155 ueurer
551 4111 656 4170 peeonire
671 4125 724 4157 ore·
748 4114 774 4158 in
786 4109 959 4158 Blnrierniano.
994 4111 1041 4157 Sed
1058 4112 1283 4173 deeotenrplonon

188 4173 245 4220 dite
254 4180 320 4220 eraut
331 4186 399 4234 quern
407 4184 463 4232 pere
470 4172 539 4226 lueri.
548 4175 611 4235 quod
623 4189 654 4220 ex
666 4188 724 4220 rner-
747 4175 850 4236 loquitur
859 4175 1022 4236 Theophanes,
1031 4175 1072 4221 sed
1082 4176 1112 4222 de
1123 4175 1238 4242 loeo'topir
1249 4179 1284 4226 di·

189 4239 257 4284 nilrue
275 4236 332 4283 inde
352 4237 467 4300 aoemptir
487 4237 537 4284 deri
557 4243 658 4298 poteret,
674 4251 725 4298 qum
749 4246 797 4296 uto,
811 4239 851 4284 ubi
864 4239 988 4300 vectigali·
1006 4254 1092 4295 rerum,
1107 4255 1159 4301 quie
1175 4257 1189 4288 e
1208 4243 1284 4291 Ponto
1321 4251 1325 4258 '

188 4301 312 4349 mereeesi
325 4301 726 4363 peribanteomnari,peouniutre·
751 4303 844 4352 Euxino
865 4303 1028 4360 efferebentun
1051 4303 1232 4366 eolligehnntnr3
1259 4315 1285 4356 ut

186 4363 277 4426 §notitia
288 4365 381 4426 petiiset
392 4379 492 4427 quoqne.
503 4365 652 4416 Huuauuoa
663 4367 679 4412 Ι.
690 4365 724 4413 11.
749 4383 836 4424 rerum,
848 4383 899 4429 quoe
914 4369 943 4415 eh
959 4367 1042 4429 AEpaeo
1058 4375 1083 4416 et
1098 4369 1286 4418 meridiouelibun

189 4430 288 4478 ιΧΧ.
377 4451 386 4461 ·
750 4432 855 4494 portione
874 4433 1069 4488 nahrelrebentur‚
1086 4435 1188 4496 reetigrl
1208 4435 1286 4481 eolre-

228 4491 300 4542 mett
316 4494 550 4561 metipsum-1
567 4493 633 4550 Quod
648 4495 726 4557 ripun
752 4495 852 4546 betunia
864 4495 958 4559 Abydo.
990 4497 1027 4546 ite
1043 4497 1218 4560 intelligendum
1234 4513 1286 4548 esee
