<?xml version="1.0" encoding="UTF-8"?>
<!DOCTYPE html PUBLIC "-//W3C//DTD XHTML 1.0 Transitional//EN"
    "http://www.w3.org/TR/xhtml1/DTD/xhtml1-transitional.dtd">
<html xmlns="http://www.w3.org/1999/xhtml" xml:lang="en" lang="en">
 <head>
  <title>
</title>
<meta http-equiv="Content-Type" content="text/html;charset=utf-8" />
  <meta name='ocr-system' content='tesseract 3.04.00' />
  <meta name='ocr-capabilities' content='ocr_page ocr_carea ocr_par ocr_line ocrx_word'/>
</head>
<body>
  <div class='ocr_page' id='page_1' title='image "./demosthenisetsc04dupogoog_0018.png"; bbox 0 0 3042 4975; ppageno 0'>
   <div class='ocr_carea' id='block_1_1' title="bbox 196 225 1004 323">
    <p class='ocr_par' dir='ltr' id='par_1_1' title="bbox 196 220 1004 323">
     <span class='ocr_line' id='line_1_1' title="bbox 196 225 1004 323; baseline 0.004 -11"><span class='ocrx_word' id='word_1_1' title='bbox 196 225 225 312; x_wconf 88' lang='lat'><strong>6</strong></span> <span class='ocrx_word' id='word_1_2' title='bbox 488 250 517 318; x_wconf 92' lang='lat'><strong><em>1.</em></strong></span> <span class='ocrx_word' id='word_1_3' title='bbox 540 239 739 323; x_wconf 77' lang='grc' dir='ltr'><strong><em>τικιοιιι</em></strong></span> <span class='ocrx_word' id='word_1_4' title='bbox 763 250 1004 317; x_wconf 72' lang='lat' dir='ltr'>eumundo</span> 
     </span>
    </p>
   </div>
   <div class='ocr_carea' id='block_1_2' title="bbox 169 406 1289 1785">
    <p class='ocr_par' dir='ltr' id='par_1_2' title="bbox 169 406 1289 1785">
     <span class='ocr_line' id='line_1_2' title="bbox 191 406 1286 491; baseline -0.005 -18"><span class='ocrx_word' id='word_1_5' title='bbox 191 411 252 485; x_wconf 76' lang='grc' dir='ltr'><strong><em>τὸν,</em></strong></span> <span class='ocrx_word' id='word_1_6' title='bbox 266 412 332 471; x_wconf 69' lang='grc' dir='ltr'><strong><em>ἁλλ’</em></strong></span> <span class='ocrx_word' id='word_1_7' title='bbox 345 410 562 491; x_wconf 76' lang='grc' dir='ltr'><strong><em>ἐδικαζόμην.</em></strong></span> <span class='ocrx_word' id='word_1_8' title='bbox 598 408 989 491; x_wconf 73' lang='grc' dir='ltr'><strong><em>ΟοιορΙεοίείιαῒιιτηυίάειιι</em></strong></span> <span class='ocrx_word' id='word_1_9' title='bbox 1000 406 1286 487; x_wconf 80' lang='grc' dir='ltr'><strong><em>ρττααίρααεοι,ηαί</em></strong></span> 
     </span>
     <span class='ocr_line' id='line_1_3' title="bbox 191 502 1287 584; baseline -0.001 -21"><span class='ocrx_word' id='word_1_10' title='bbox 191 504 222 563; x_wconf 86' lang='grc' dir='ltr'><strong><em>ίιι</em></strong></span> <span class='ocrx_word' id='word_1_11' title='bbox 237 504 331 565; x_wconf 75' lang='lat' dir='ltr'>Fertis</span> <span class='ocrx_word' id='word_1_12' title='bbox 346 513 376 564; x_wconf 87' lang='lat' dir='ltr'>et</span> <span class='ocrx_word' id='word_1_13' title='bbox 387 504 587 584; x_wconf 79' lang='lat' dir='ltr'>Religionibus</span> <span class='ocrx_word' id='word_1_14' title='bbox 598 506 768 575; x_wconf 77' lang='lat' dir='ltr'>insolenter,</span> <span class='ocrx_word' id='word_1_15' title='bbox 783 514 836 563; x_wconf 86' lang='lat' dir='ltr'>nut</span> <span class='ocrx_word' id='word_1_16' title='bbox 849 512 985 583; x_wconf 82' lang='lat' dir='ltr'>proterve</span> <span class='ocrx_word' id='word_1_17' title='bbox 998 503 1133 581; x_wconf 60' lang='lat' dir='ltr'>egerintu</span> <span class='ocrx_word' id='word_1_18' title='bbox 1152 502 1243 563; x_wconf 78' lang='grc' dir='ltr'><strong><em>Τοῦτο</em></strong></span> <span class='ocrx_word' id='word_1_19' title='bbox 1256 503 1287 562; x_wconf 78' lang='grc' dir='ltr'><strong><em>δὲ</em></strong></span> 
     </span>
     <span class='ocr_line' id='line_1_4' title="bbox 192 594 1286 677; baseline -0.001 -22"><span class='ocrx_word' id='word_1_20' title='bbox 192 595 338 675; x_wconf 82' lang='grc' dir='ltr'><strong><em>δημόσιον.</em></strong></span> <span class='ocrx_word' id='word_1_21' title='bbox 352 594 479 675; x_wconf 81' lang='grc' dir='ltr'><strong><em>προβολή</em></strong></span> <span class='ocrx_word' id='word_1_22' title='bbox 495 600 551 675; x_wconf 85' lang='grc' dir='ltr'><strong><em>γάρ</em></strong></span> <span class='ocrx_word' id='word_1_23' title='bbox 561 598 639 658; x_wconf 78' lang='grc' dir='ltr'><strong><em>ἐστιν</em></strong></span> <span class='ocrx_word' id='word_1_24' title='bbox 652 597 743 677; x_wconf 77' lang='grc' dir='ltr'><strong><em>ὄνομα</em></strong></span> <span class='ocrx_word' id='word_1_25' title='bbox 755 596 831 669; x_wconf 85' lang='grc' dir='ltr'><strong><em>δίκης</em></strong></span> <span class='ocrx_word' id='word_1_26' title='bbox 843 599 914 655; x_wconf 83' lang='grc' dir='ltr'><strong><em>κατά</em></strong></span> <span class='ocrx_word' id='word_1_27' title='bbox 926 606 983 656; x_wconf 74' lang='grc' dir='ltr'><strong><em>τῶν</em></strong></span> <span class='ocrx_word' id='word_1_28' title='bbox 993 618 1033 653; x_wconf 90' lang='grc' dir='ltr'><strong><em>πε</em></strong></span> <span class='ocrx_word' id='word_1_29' title='bbox 1038 597 1071 672; x_wconf 85' lang='lat' dir='ltr'><strong><em>pl</em></strong></span> <span class='ocrx_word' id='word_1_30' title='bbox 1083 598 1144 665; x_wconf 79' lang='grc' dir='ltr'><strong><em>τήν</em></strong></span> <span class='ocrx_word' id='word_1_31' title='bbox 1160 594 1286 674; x_wconf 79' lang='grc' dir='ltr'><strong><em>ἑορτήν</em></strong></span> 
     </span>
     <span class='ocr_line' id='line_1_5' title="bbox 191 686 1288 769; baseline -0.002 -22"><span class='ocrx_word' id='word_1_32' title='bbox 191 689 416 749; x_wconf 68' lang='grc' dir='ltr'><strong><em>ἀδικούντων.</em></strong></span> <span class='ocrx_word' id='word_1_33' title='bbox 438 690 558 769; x_wconf 75' lang='lat' dir='ltr'>Ulpian.</span> <span class='ocrx_word' id='word_1_34' title='bbox 575 690 613 749; x_wconf 75' lang='lat' dir='ltr'><strong><em>ad</em></strong></span> <span class='ocrx_word' id='word_1_35' title='bbox 634 689 698 750; x_wconf 79' lang='lat' dir='ltr'>init.</span> <span class='ocrx_word' id='word_1_36' title='bbox 713 690 802 767; x_wconf 79' lang='lat' dir='ltr'>hujus</span> <span class='ocrx_word' id='word_1_37' title='bbox 820 687 980 748; x_wconf 71' lang='lat' dir='ltr'>orationis.</span> <span class='ocrx_word' id='word_1_38' title='bbox 1006 686 1145 767; x_wconf 75' lang='grc' dir='ltr'><strong><em>Πρυβολι)</em></strong></span> <span class='ocrx_word' id='word_1_39' title='bbox 1157 690 1175 758; x_wconf 64' lang='lat' dir='ltr'><strong><em>ri</em></strong></span> <span class='ocrx_word' id='word_1_40' title='bbox 1188 691 1288 758; x_wconf 77' lang='grc' dir='ltr'><strong><em>κλῆσις</em></strong></span> 
     </span>
     <span class='ocr_line' id='line_1_6' title="bbox 191 778 1287 860; baseline -0.003 -20"><span class='ocrx_word' id='word_1_41' title='bbox 191 780 320 855; x_wconf 85' lang='grc' dir='ltr'><strong><em>είς-δίκην</em></strong></span> <span class='ocrx_word' id='word_1_42' title='bbox 333 786 404 841; x_wconf 87' lang='grc' dir='ltr'><strong><em>κατά</em></strong></span> <span class='ocrx_word' id='word_1_43' title='bbox 416 792 472 842; x_wconf 76' lang='grc' dir='ltr'><strong><em>τῶν</em></strong></span> <span class='ocrx_word' id='word_1_44' title='bbox 486 786 608 849; x_wconf 87' lang='grc' dir='ltr'><strong><em>κακόνως</em></strong></span> <span class='ocrx_word' id='word_1_45' title='bbox 622 782 690 860; x_wconf 87' lang='grc' dir='ltr'><strong><em>πρδς</em></strong></span> <span class='ocrx_word' id='word_1_46' title='bbox 703 782 753 841; x_wconf 88' lang='grc' dir='ltr'><strong><em>τδν</em></strong></span> <span class='ocrx_word' id='word_1_47' title='bbox 767 780 854 859; x_wconf 78' lang='grc' dir='ltr'><strong><em>δῆμον</em></strong></span> <span class='ocrx_word' id='word_1_48' title='bbox 865 780 1043 856; x_wconf 71' lang='grc' dir='ltr'><strong><em>διακειμένων</em></strong></span> <span class='ocrx_word' id='word_1_49' title='bbox 1051 796 1092 825; x_wconf 88' lang='grc'><strong><em>-’·</em></strong></span> <span class='ocrx_word' id='word_1_50' title='bbox 1101 778 1242 859; x_wconf 81' lang='grc' dir='ltr'><strong><em>προβολαὶ</em></strong></span> <span class='ocrx_word' id='word_1_51' title='bbox 1256 778 1287 838; x_wconf 71' lang='grc' dir='ltr'><strong><em>δὲ</em></strong></span> 
     </span>
     <span class='ocr_line' id='line_1_7' title="bbox 189 870 1289 955; baseline -0.002 -22"><span class='ocrx_word' id='word_1_52' title='bbox 189 870 266 945; x_wconf 73' lang='grc' dir='ltr'><strong><em>ἦσαν</em></strong></span> <span class='ocrx_word' id='word_1_53' title='bbox 280 877 325 933; x_wconf 86' lang='grc' dir='ltr'><strong><em>καί</em></strong></span> <span class='ocrx_word' id='word_1_54' title='bbox 339 874 369 933; x_wconf 86' lang='lat' dir='ltr'><strong><em>ni</em></strong></span> <span class='ocrx_word' id='word_1_55' title='bbox 387 888 438 945; x_wconf 76' lang='grc' dir='ltr'><strong><em>τῆς</em></strong></span> <span class='ocrx_word' id='word_1_56' title='bbox 453 881 639 955; x_wconf 75' lang='grc' dir='ltr'><strong><em>συκοφαντίας</em></strong></span> <span class='ocrx_word' id='word_1_57' title='bbox 652 875 770 955; x_wconf 88' lang='grc' dir='ltr'><strong><em>γραφαί.</em></strong></span> <span class='ocrx_word' id='word_1_58' title='bbox 789 874 919 949; x_wconf 74' lang='grc' dir='ltr'><strong><em>ἐγίνοντο</em></strong></span> <span class='ocrx_word' id='word_1_59' title='bbox 932 871 961 932; x_wconf 81' lang='grc' dir='ltr'><strong><em>δί</em></strong></span> <span class='ocrx_word' id='word_1_60' title='bbox 979 875 1025 931; x_wconf 83' lang='grc' dir='ltr'><strong><em>καὶ</em></strong></span> <span class='ocrx_word' id='word_1_61' title='bbox 1037 874 1100 952; x_wconf 81' lang='grc' dir='ltr'><strong><em>περί</em></strong></span> <span class='ocrx_word' id='word_1_62' title='bbox 1116 883 1171 933; x_wconf 75' lang='grc' dir='ltr'><strong><em>τῶν</em></strong></span> <span class='ocrx_word' id='word_1_63' title='bbox 1184 870 1289 951; x_wconf 69' lang='grc' dir='ltr'><strong><em>ἐξυβρι-</em></strong></span> 
     </span>
     <span class='ocr_line' id='line_1_8' title="bbox 193 964 1288 1044; baseline 0.002 -21"><span class='ocrx_word' id='word_1_64' title='bbox 193 965 312 1038; x_wconf 80' lang='grc' dir='ltr'><strong><em>σάντων,</em></strong></span> <span class='ocrx_word' id='word_1_65' title='bbox 326 968 343 1037; x_wconf 70' lang='lat' dir='ltr'><strong><em>*i</em></strong></span> <span class='ocrx_word' id='word_1_66' title='bbox 357 965 558 1038; x_wconf 73' lang='grc' dir='ltr'><strong><em>ἀδικησάντων,</em></strong></span> <span class='ocrx_word' id='word_1_67' title='bbox 573 970 591 1039; x_wconf 75' lang='grc' dir='ltr'>ἦ</span> <span class='ocrx_word' id='word_1_68' title='bbox 604 964 858 1041; x_wconf 76' lang='grc' dir='ltr'><strong><em>ἀσεβησάντων</em></strong></span> <span class='ocrx_word' id='word_1_69' title='bbox 871 969 933 1044; x_wconf 83' lang='grc' dir='ltr'><strong><em>περί</em></strong></span> <span class='ocrx_word' id='word_1_70' title='bbox 950 969 1002 1032; x_wconf 81' lang='grc' dir='ltr'><strong><em>τάς</em></strong></span> <span class='ocrx_word' id='word_1_71' title='bbox 1015 964 1121 1043; x_wconf 76' lang='grc' dir='ltr'><strong><em>ἑορτάς,</em></strong></span> <span class='ocrx_word' id='word_1_72' title='bbox 1134 968 1172 1032; x_wconf 73' lang='grc' dir='ltr'><strong><em>ὥς</em></strong></span> <span class='ocrx_word' id='word_1_73' title='bbox 1184 968 1203 1036; x_wconf 72' lang='lat' dir='ltr'><strong><em>ir</em></strong></span> <span class='ocrx_word' id='word_1_74' title='bbox 1216 968 1288 1025; x_wconf 82' lang='grc' dir='ltr'><strong><em>κατά</em></strong></span> 
     </span>
     <span class='ocr_line' id='line_1_9' title="bbox 190 1055 1288 1137; baseline -0.002 -19"><span class='ocrx_word' id='word_1_75' title='bbox 190 1056 309 1118; x_wconf 84' lang='grc' dir='ltr'><strong><em>Μειδίου</em></strong></span> <span class='ocrx_word' id='word_1_76' title='bbox 323 1055 472 1137; x_wconf 72' lang='grc' dir='ltr'><strong><em>Προβολή.</em></strong></span> <span class='ocrx_word' id='word_1_77' title='bbox 495 1058 567 1119; x_wconf 86' lang='lat' dir='ltr'>Poll.</span> <span class='ocrx_word' id='word_1_78' title='bbox 583 1059 602 1119; x_wconf 86' lang='lat' dir='ltr'><strong><em>l.</em></strong></span> <span class='ocrx_word' id='word_1_79' title='bbox 618 1068 648 1120; x_wconf 81' lang='lat'><strong><em>8.</em></strong></span> <span class='ocrx_word' id='word_1_80' title='bbox 661 1078 688 1119; x_wconf 86' lang='lat' dir='ltr'><strong><em>c.</em></strong></span> <span class='ocrx_word' id='word_1_81' title='bbox 703 1065 732 1118; x_wconf 76' lang='grc'><strong><em>6.</em></strong></span> <span class='ocrx_word' id='word_1_82' title='bbox 748 1061 774 1131; x_wconf 61' lang='grc' dir='ltr'><strong><em>ξ.</em></strong></span> <span class='ocrx_word' id='word_1_83' title='bbox 788 1064 838 1119; x_wconf 82' lang='grc'><strong><em>46.</em></strong></span> <span class='ocrx_word' id='word_1_84' title='bbox 866 1062 916 1116; x_wconf 89' lang='grc' dir='ltr'><strong><em>Ἐν</em></strong></span> <span class='ocrx_word' id='word_1_85' title='bbox 929 1056 958 1117; x_wconf 77' lang='grc' dir='ltr'><strong><em>δὲ</em></strong></span> <span class='ocrx_word' id='word_1_86' title='bbox 971 1062 1009 1137; x_wconf 68' lang='grc' dir='ltr'><strong><em>τᾷ</em></strong></span> <span class='ocrx_word' id='word_1_87' title='bbox 1023 1062 1094 1117; x_wconf 88' lang='grc' dir='ltr'><strong><em>κατά</em></strong></span> <span class='ocrx_word' id='word_1_88' title='bbox 1103 1056 1231 1130; x_wconf 80' lang='grc' dir='ltr'><strong><em>Μειδίου,</em></strong></span> <span class='ocrx_word' id='word_1_89' title='bbox 1242 1060 1288 1116; x_wconf 83' lang='grc' dir='ltr'><strong><em>καί</em></strong></span> 
     </span>
     <span class='ocr_line' id='line_1_10' title="bbox 192 1146 1289 1230; baseline 0.005 -24"><span class='ocrx_word' id='word_1_90' title='bbox 192 1146 426 1230; x_wconf 77' lang='grc' dir='ltr'><strong><em>προάβαλλάμην,</em></strong></span> <span class='ocrx_word' id='word_1_91' title='bbox 439 1154 535 1230; x_wconf 89' lang='grc' dir='ltr'><strong><em>φησίν,</em></strong></span> <span class='ocrx_word' id='word_1_92' title='bbox 550 1151 654 1212; x_wconf 78' lang='grc' dir='ltr'><strong><em>ἀδικεῖν</em></strong></span> <span class='ocrx_word' id='word_1_93' title='bbox 664 1158 761 1211; x_wconf 82' lang='grc' dir='ltr'><strong><em>τοῦτον</em></strong></span> <span class='ocrx_word' id='word_1_94' title='bbox 774 1153 837 1229; x_wconf 79' lang='grc' dir='ltr'><strong><em>περὶ</em></strong></span> <span class='ocrx_word' id='word_1_95' title='bbox 852 1154 904 1221; x_wconf 74' lang='grc' dir='ltr'><strong><em>τήν</em></strong></span> <span class='ocrx_word' id='word_1_96' title='bbox 923 1151 1033 1229; x_wconf 72' lang='grc' dir='ltr'><strong><em>ἑορτήν,</em></strong></span> <span class='ocrx_word' id='word_1_97' title='bbox 1044 1152 1110 1210; x_wconf 86' lang='grc' dir='ltr'><strong><em>άντί</em></strong></span> <span class='ocrx_word' id='word_1_98' title='bbox 1122 1156 1170 1210; x_wconf 77' lang='grc' dir='ltr'><strong><em>τοῦ</em></strong></span> <span class='ocrx_word' id='word_1_99' title='bbox 1182 1148 1289 1224; x_wconf 82' lang='grc' dir='ltr'><strong><em>προβο·</em></strong></span> 
     </span>
     <span class='ocr_line' id='line_1_11' title="bbox 191 1242 1288 1329; baseline 0.003 -29"><span class='ocrx_word' id='word_1_100' title='bbox 191 1244 230 1323; x_wconf 78' lang='grc' dir='ltr'><strong><em>λῇ</em></strong></span> <span class='ocrx_word' id='word_1_101' title='bbox 243 1242 408 1323; x_wconf 74' lang='grc' dir='ltr'><strong><em>ἐχρησάμην</em></strong></span> <span class='ocrx_word' id='word_1_102' title='bbox 421 1249 455 1323; x_wconf 79' lang='grc' dir='ltr'><strong><em>τῇ</em></strong></span> <span class='ocrx_word' id='word_1_103' title='bbox 470 1243 584 1315; x_wconf 66' lang='grc' dir='ltr'><strong><em>συνήθει</em></strong></span> <span class='ocrx_word' id='word_1_104' title='bbox 599 1248 644 1303; x_wconf 85' lang='grc' dir='ltr'><strong><em>καί</em></strong></span> <span class='ocrx_word' id='word_1_105' title='bbox 658 1246 824 1329; x_wconf 75' lang='grc' dir='ltr'><strong><em>νομιζομένη</em></strong></span> <span class='ocrx_word' id='word_1_106' title='bbox 838 1247 909 1303; x_wconf 84' lang='grc' dir='ltr'><strong><em>κατά</em></strong></span> <span class='ocrx_word' id='word_1_107' title='bbox 920 1254 975 1302; x_wconf 81' lang='grc' dir='ltr'><strong><em>τῶν</em></strong></span> <span class='ocrx_word' id='word_1_108' title='bbox 988 1244 1066 1321; x_wconf 84' lang='grc' dir='ltr'><strong><em>περί</em></strong></span> <span class='ocrx_word' id='word_1_109' title='bbox 1084 1246 1146 1315; x_wconf 83' lang='grc' dir='ltr'><strong><em>τήν</em></strong></span> <span class='ocrx_word' id='word_1_110' title='bbox 1165 1243 1288 1321; x_wconf 73' lang='grc' dir='ltr'><strong><em>ἑορτήν</em></strong></span> 
     </span>
     <span class='ocr_line' id='line_1_12' title="bbox 190 1333 1287 1417; baseline 0.002 -24"><span class='ocrx_word' id='word_1_111' title='bbox 190 1333 556 1414; x_wconf 81' lang='grc' dir='ltr'><strong><em>άδικοάντων,υίνάρασα</em></strong></span> <span class='ocrx_word' id='word_1_112' title='bbox 570 1345 667 1397; x_wconf 81' lang='grc' dir='ltr'><strong><em>τοῦτον</em></strong></span> <span class='ocrx_word' id='word_1_113' title='bbox 682 1336 714 1395; x_wconf 83' lang='grc' dir='ltr'><strong><em>ε’ν</em></strong></span> <span class='ocrx_word' id='word_1_114' title='bbox 730 1340 768 1417; x_wconf 66' lang='grc' dir='ltr'><strong><em>τῷ</em></strong></span> <span class='ocrx_word' id='word_1_115' title='bbox 783 1335 869 1415; x_wconf 66' lang='grc' dir='ltr'><strong><em>δήμω.</em></strong></span> <span class='ocrx_word' id='word_1_116' title='bbox 899 1335 1049 1414; x_wconf 74' lang='lat' dir='ltr'>Harpoor.</span> <span class='ocrx_word' id='word_1_117' title='bbox 1083 1336 1287 1414; x_wconf 68' lang='lat' dir='ltr'>Sycoplt&#39;oultts</span> 
     </span>
     <span class='ocr_line' id='line_1_13' title="bbox 192 1426 1289 1506; baseline -0.001 -19"><span class='ocrx_word' id='word_1_118' title='bbox 192 1428 291 1501; x_wconf 80' lang='lat' dir='ltr'>etium,</span> <span class='ocrx_word' id='word_1_119' title='bbox 306 1438 340 1487; x_wconf 91' lang='lat' dir='ltr'>nt</span> <span class='ocrx_word' id='word_1_120' title='bbox 354 1448 390 1487; x_wconf 84' lang='lat' dir='ltr'>ex</span> <span class='ocrx_word' id='word_1_121' title='bbox 404 1428 614 1506; x_wconf 77' lang='lat' dir='ltr'>Xenophonte,</span> <span class='ocrx_word' id='word_1_122' title='bbox 627 1428 764 1489; x_wconf 87' lang='lat' dir='ltr'>AEsobine</span> <span class='ocrx_word' id='word_1_123' title='bbox 778 1438 808 1488; x_wconf 86' lang='lat' dir='ltr'>et</span> <span class='ocrx_word' id='word_1_124' title='bbox 823 1430 954 1487; x_wconf 84' lang='lat' dir='ltr'>lsocrnte</span> <span class='ocrx_word' id='word_1_125' title='bbox 967 1427 1118 1487; x_wconf 72' lang='lat' dir='ltr'>discimus.</span> <span class='ocrx_word' id='word_1_126' title='bbox 1158 1426 1205 1487; x_wconf 81' lang='grc' dir='ltr'><strong><em>Οίι</em></strong></span> <span class='ocrx_word' id='word_1_127' title='bbox 1218 1434 1289 1487; x_wconf 65' lang='grc' dir='ltr'><strong><em>πολι</em></strong></span> 
     </span>
     <span class='ocr_line' id='line_1_14' title="bbox 169 1518 1289 1601; baseline -0.001 -21"><span class='ocrx_word' id='word_1_128' title='bbox 169 1566 173 1571; x_wconf 89' lang='grc'>-</span> <span class='ocrx_word' id='word_1_129' title='bbox 191 1523 234 1600; x_wconf 64' lang='lat' dir='ltr'>&gt;spi</span> <span class='ocrx_word' id='word_1_130' title='bbox 243 1523 336 1601; x_wconf 84' lang='grc' dir='ltr'><strong><em>χράνρ</em></strong></span> <span class='ocrx_word' id='word_1_131' title='bbox 349 1522 464 1600; x_wconf 74' lang='grc' dir='ltr'><strong><em>ὕστερον</em></strong></span> <span class='ocrx_word' id='word_1_132' title='bbox 473 1526 606 1601; x_wconf 77' lang='grc' dir='ltr'><strong><em>μετέμελε</em></strong></span> <span class='ocrx_word' id='word_1_133' title='bbox 620 1519 864 1592; x_wconf 70' lang='grc' dir='ltr'><strong><em>τοῑςἈδηναίοις,</em></strong></span> <span class='ocrx_word' id='word_1_134' title='bbox 872 1523 918 1578; x_wconf 83' lang='grc' dir='ltr'><strong><em>καί</em></strong></span> <span class='ocrx_word' id='word_1_135' title='bbox 931 1520 1115 1601; x_wconf 72' lang='grc' dir='ltr'><strong><em>ἐψηφίσαντο,</em></strong></span> <span class='ocrx_word' id='word_1_136' title='bbox 1127 1518 1229 1585; x_wconf 76' lang='grc' dir='ltr'><strong><em>οἵτινες</em></strong></span> <span class='ocrx_word' id='word_1_137' title='bbox 1239 1520 1289 1579; x_wconf 83' lang='grc' dir='ltr'><strong><em>τὸν</em></strong></span> 
     </span>
     <span class='ocr_line' id='line_1_15' title="bbox 192 1610 1289 1691; baseline -0.002 -20"><span class='ocrx_word' id='word_1_138' title='bbox 192 1611 282 1690; x_wconf 82' lang='grc' dir='ltr'><strong><em>δῆμον</em></strong></span> <span class='ocrx_word' id='word_1_139' title='bbox 295 1612 481 1685; x_wconf 75' lang='grc' dir='ltr'><strong><em>ἐξηπάτησαν,</em></strong></span> <span class='ocrx_word' id='word_1_140' title='bbox 491 1636 555 1691; x_wconf 89' lang='grc' dir='ltr'><strong><em>προ</em></strong></span> <span class='ocrx_word' id='word_1_141' title='bbox 560 1610 673 1687; x_wconf 80' lang='grc' dir='ltr'><strong><em>βολάς</em></strong></span> <span class='ocrx_word' id='word_1_142' title='bbox 687 1618 779 1673; x_wconf 73' lang='grc' dir='ltr'><strong><em>αἰτῶν</em></strong></span> <span class='ocrx_word' id='word_1_143' title='bbox 791 1610 875 1684; x_wconf 85' lang='grc' dir='ltr'><strong><em>εἰναι,</em></strong></span> <span class='ocrx_word' id='word_1_144' title='bbox 890 1615 936 1670; x_wconf 86' lang='grc' dir='ltr'><strong><em>καί</em></strong></span> <span class='ocrx_word' id='word_1_145' title='bbox 950 1614 1093 1688; x_wconf 76' lang='grc' dir='ltr'><strong><em>ἐγγυητάς</em></strong></span> <span class='ocrx_word' id='word_1_146' title='bbox 1107 1622 1289 1685; x_wconf 82' lang='grc' dir='ltr'><strong><em>καταστῆσαι,</em></strong></span> 
     </span>
     <span class='ocr_line' id='line_1_16' title="bbox 192 1688 1289 1785; baseline 0.002 -22"><span class='ocrx_word' id='word_1_147' title='bbox 192 1704 244 1764; x_wconf 75' lang='lat' dir='ltr'><strong><em>tto</em></strong></span> <span class='ocrx_word' id='word_1_148' title='bbox 257 1703 392 1784; x_wconf 73' lang='grc' dir='ltr'><strong><em>κριθῶσιν</em></strong></span> <span class='ocrx_word' id='word_1_149' title='bbox 403 1738 441 1750; x_wconf 91' lang='lat'>-</span> <span class='ocrx_word' id='word_1_150' title='bbox 452 1704 674 1785; x_wconf 78' lang='grc' dir='ltr'><strong><em>ιτροάβλήθησαν</em></strong></span> <span class='ocrx_word' id='word_1_151' title='bbox 689 1706 717 1765; x_wconf 80' lang='grc' dir='ltr'><strong><em>δὲ</em></strong></span> <span class='ocrx_word' id='word_1_152' title='bbox 727 1709 775 1764; x_wconf 85' lang='grc' dir='ltr'><strong><em>καί</em></strong></span> <span class='ocrx_word' id='word_1_153' title='bbox 785 1708 870 1764; x_wconf 84' lang='grc' dir='ltr'><strong><em>άλλοι</em></strong></span> <span class='ocrx_word' id='word_1_154' title='bbox 883 1710 1024 1785; x_wconf 88' lang='grc' dir='ltr'><strong><em>τίτταρες.</em></strong></span> <span class='ocrx_word' id='word_1_155' title='bbox 1046 1688 1184 1783; x_wconf 77' lang='grc' dir='ltr'><strong><em>Χοοηρίι.</em></strong></span> <span class='ocrx_word' id='word_1_156' title='bbox 1209 1704 1289 1765; x_wconf 70' lang='lat' dir='ltr'>Hirr.</span> 
     </span>
    </p>
   </div>
   <div class='ocr_carea' id='block_1_3' title="bbox 191 1796 1406 1885">
    <p class='ocr_par' dir='ltr' id='par_1_3' title="bbox 191 1796 1406 1885">
     <span class='ocr_line' id='line_1_17' title="bbox 191 1796 1406 1885; baseline 0.002 -29"><span class='ocrx_word' id='word_1_157' title='bbox 191 1796 249 1857; x_wconf 84' lang='lat' dir='ltr'>Gr.</span> <span class='ocrx_word' id='word_1_158' title='bbox 264 1797 284 1857; x_wconf 90' lang='grc' dir='ltr'><strong><em>Ι.</em></strong></span> <span class='ocrx_word' id='word_1_159' title='bbox 299 1804 328 1858; x_wconf 92' lang='lat'><strong><em>1.</em></strong></span> <span class='ocrx_word' id='word_1_160' title='bbox 345 1806 478 1859; x_wconf 75' lang='lat' dir='ltr'>exeunte.</span> <span class='ocrx_word' id='word_1_161' title='bbox 518 1798 562 1883; x_wconf 70' lang='grc' dir='ltr'><strong><em>Τῇ</em></strong></span> <span class='ocrx_word' id='word_1_162' title='bbox 575 1802 630 1879; x_wconf 84' lang='grc' dir='ltr'><strong><em>μὲν</em></strong></span> <span class='ocrx_word' id='word_1_163' title='bbox 643 1800 722 1885; x_wconf 78' lang='grc' dir='ltr'><strong><em>Φήμη</em></strong></span> <span class='ocrx_word' id='word_1_164' title='bbox 737 1799 855 1878; x_wconf 77' lang='grc' dir='ltr'><strong><em>δημοσίᾳ</em></strong></span> <span class='ocrx_word' id='word_1_165' title='bbox 869 1802 980 1877; x_wconf 77' lang='grc' dir='ltr'><strong><em>θείομεν,</em></strong></span> <span class='ocrx_word' id='word_1_166' title='bbox 995 1803 1033 1865; x_wconf 79' lang='grc' dir='ltr'><strong><em>ὥς</em></strong></span> <span class='ocrx_word' id='word_1_167' title='bbox 1047 1803 1117 1879; x_wconf 63' lang='grc' dir='ltr'><strong><em>θεᾷ·</em></strong></span> <span class='ocrx_word' id='word_1_168' title='bbox 1129 1808 1184 1858; x_wconf 80' lang='grc' dir='ltr'><strong><em>τῶν</em></strong></span> <span class='ocrx_word' id='word_1_169' title='bbox 1197 1796 1290 1858; x_wconf 73' lang='grc' dir='ltr'><strong><em>δὲ’συ·</em></strong></span> <span class='ocrx_word' id='word_1_170' title='bbox 1401 1804 1406 1815; x_wconf 92' lang='grc'><strong>’</strong></span> 
     </span>
    </p>
   </div>
   <div class='ocr_carea' id='block_1_4' title="bbox 190 1892 1292 2616">
    <p class='ocr_par' dir='ltr' id='par_1_4' title="bbox 190 1892 1292 2616">
     <span class='ocr_line' id='line_1_18' title="bbox 191 1892 1288 1973; baseline 0.003 -24"><span class='ocrx_word' id='word_1_171' title='bbox 191 1902 346 1973; x_wconf 80' lang='grc' dir='ltr'><strong><em>κοφαντῶν,</em></strong></span> <span class='ocrx_word' id='word_1_172' title='bbox 360 1899 398 1961; x_wconf 86' lang='grc' dir='ltr'><strong><em>ὡς</em></strong></span> <span class='ocrx_word' id='word_1_173' title='bbox 412 1899 582 1972; x_wconf 78' lang='grc' dir='ltr'><strong><em>κακούργων,</em></strong></span> <span class='ocrx_word' id='word_1_174' title='bbox 597 1894 716 1973; x_wconf 80' lang='grc' dir='ltr'><strong><em>δημοσίᾳ</em></strong></span> <span class='ocrx_word' id='word_1_175' title='bbox 735 1892 920 1971; x_wconf 79' lang='grc' dir='ltr'><strong><em>προβολὰς</em></strong></span> <span class='ocrx_word' id='word_1_176' title='bbox 939 1894 1099 1973; x_wconf 81' lang='grc' dir='ltr'><strong><em>ποιοίμεθα.</em></strong></span> <span class='ocrx_word' id='word_1_177' title='bbox 1114 1892 1242 1953; x_wconf 82' lang='lat' dir='ltr'>AEscbin.</span> <span class='ocrx_word' id='word_1_178' title='bbox 1256 1918 1288 1952; x_wconf 89' lang='grc' dir='ltr'><strong><em>π.</em></strong></span> 
     </span>
     <span class='ocr_line' id='line_1_19' title="bbox 190 1983 1290 2065; baseline 0.001 -21"><span class='ocrx_word' id='word_1_179' title='bbox 190 1983 368 2063; x_wconf 83' lang='grc' dir='ltr'><strong><em>παραπρεσβ.</em></strong></span> <span class='ocrx_word' id='word_1_180' title='bbox 379 1988 417 2063; x_wconf 63' lang='grc' dir='ltr'><strong><em>[ξ.</em></strong></span> <span class='ocrx_word' id='word_1_181' title='bbox 426 1986 477 2064; x_wconf 82' lang='grc' dir='ltr'><strong><em>με’.</em></strong></span> <span class='ocrx_word' id='word_1_182' title='bbox 488 1984 557 2065; x_wconf 75' lang='lat' dir='ltr'>fin]</span> <span class='ocrx_word' id='word_1_183' title='bbox 589 1986 661 2061; x_wconf 82' lang='grc' dir='ltr'><strong><em>Περὶ</em></strong></span> <span class='ocrx_word' id='word_1_184' title='bbox 671 1985 699 2044; x_wconf 80' lang='grc' dir='ltr'><strong><em>δὲ</em></strong></span> <span class='ocrx_word' id='word_1_185' title='bbox 708 1996 763 2045; x_wconf 80' lang='grc' dir='ltr'><strong><em>τῶν</em></strong></span> <span class='ocrx_word' id='word_1_186' title='bbox 775 1995 955 2065; x_wconf 74' lang='grc' dir='ltr'><strong><em>συκοφαντῶν</em></strong></span> <span class='ocrx_word' id='word_1_187' title='bbox 963 1990 1189 2063; x_wconf 74' lang='grc' dir='ltr'><strong><em>χαλεπωτέρους,</em></strong></span> <span class='ocrx_word' id='word_1_188' title='bbox 1199 1988 1216 2056; x_wconf 84' lang='grc' dir='ltr'><strong><em>ή</em></strong></span> <span class='ocrx_word' id='word_1_189' title='bbox 1227 1990 1290 2064; x_wconf 84' lang='grc' dir='ltr'><strong><em>περί</em></strong></span> 
     </span>
     <span class='ocr_line' id='line_1_20' title="bbox 191 2074 1290 2157; baseline 0.001 -21"><span class='ocrx_word' id='word_1_190' title='bbox 191 2086 248 2137; x_wconf 86' lang='grc' dir='ltr'><strong><em>τῶν</em></strong></span> <span class='ocrx_word' id='word_1_191' title='bbox 259 2080 357 2135; x_wconf 87' lang='grc' dir='ltr'><strong><em>άλλων</em></strong></span> <span class='ocrx_word' id='word_1_192' title='bbox 371 2086 550 2154; x_wconf 83' lang='grc' dir='ltr'><strong><em>κακουργιῶν,</em></strong></span> <span class='ocrx_word' id='word_1_193' title='bbox 559 2076 624 2142; x_wconf 80' lang='lat' dir='ltr'>roric</span> <span class='ocrx_word' id='word_1_194' title='bbox 638 2078 740 2155; x_wconf 73' lang='lat' dir='ltr'>vipoun</span> <span class='ocrx_word' id='word_1_195' title='bbox 754 2074 868 2136; x_wconf 65' lang='grc' dir='ltr'><strong><em>ἔθεσαν.</em></strong></span> <span class='ocrx_word' id='word_1_196' title='bbox 878 2085 936 2143; x_wconf 82' lang='grc' dir='ltr'><strong><em>τοῖς</em></strong></span> <span class='ocrx_word' id='word_1_197' title='bbox 948 2077 1001 2155; x_wconf 76' lang='grc' dir='ltr'><strong><em>μὲν</em></strong></span> <span class='ocrx_word' id='word_1_198' title='bbox 1011 2080 1066 2157; x_wconf 86' lang='grc' dir='ltr'><strong><em>γάρ</em></strong></span> <span class='ocrx_word' id='word_1_199' title='bbox 1079 2083 1224 2155; x_wconf 75' lang='grc' dir='ltr'><strong><em>μεγίστοις</em></strong></span> <span class='ocrx_word' id='word_1_200' title='bbox 1234 2088 1290 2139; x_wconf 78' lang='grc' dir='ltr'><strong><em>τῶν</em></strong></span> 
     </span>
     <span class='ocr_line' id='line_1_21' title="bbox 191 2160 1290 2249; baseline 0.002 -22"><span class='ocrx_word' id='word_1_201' title='bbox 191 2160 368 2247; x_wconf 72' lang='grc' dir='ltr'><strong><em>ἀδικημάτων</em></strong></span> <span class='ocrx_word' id='word_1_202' title='bbox 377 2170 408 2228; x_wconf 80' lang='grc' dir='ltr'><strong><em>ἐν</em></strong></span> <span class='ocrx_word' id='word_1_203' title='bbox 417 2169 459 2227; x_wconf 72' lang='lat' dir='ltr'><strong><em>tvl</em></strong></span> <span class='ocrx_word' id='word_1_204' title='bbox 470 2171 508 2249; x_wconf 70' lang='grc' dir='ltr'><strong><em>τῷ</em></strong></span> <span class='ocrx_word' id='word_1_205' title='bbox 519 2167 682 2249; x_wconf 77' lang='grc' dir='ltr'><strong><em>δικαστηρίῳ</em></strong></span> <span class='ocrx_word' id='word_1_206' title='bbox 691 2172 741 2235; x_wconf 85' lang='grc' dir='ltr'><strong><em>τὰς</em></strong></span> <span class='ocrx_word' id='word_1_207' title='bbox 752 2174 852 2247; x_wconf 89' lang='grc' dir='ltr'><strong><em>κρίσεις</em></strong></span> <span class='ocrx_word' id='word_1_208' title='bbox 860 2169 1039 2239; x_wconf 77' lang='grc' dir='ltr'><strong><em>ἐποιήσαντο·</em></strong></span> <span class='ocrx_word' id='word_1_209' title='bbox 1050 2174 1121 2227; x_wconf 85' lang='grc' dir='ltr'><strong><em>κατά</em></strong></span> <span class='ocrx_word' id='word_1_210' title='bbox 1136 2168 1164 2227; x_wconf 78' lang='grc' dir='ltr'><strong><em>δὲ</em></strong></span> <span class='ocrx_word' id='word_1_211' title='bbox 1177 2170 1290 2241; x_wconf 62' lang='lat' dir='ltr'>radron,</span> 
     </span>
     <span class='ocr_line' id='line_1_22' title="bbox 194 2259 1291 2341; baseline 0.002 -22"><span class='ocrx_word' id='word_1_212' title='bbox 194 2265 307 2341; x_wconf 86' lang='grc' dir='ltr'><strong><em>γραφάς</em></strong></span> <span class='ocrx_word' id='word_1_213' title='bbox 320 2261 374 2339; x_wconf 74' lang='grc' dir='ltr'><strong><em>μὲν</em></strong></span> <span class='ocrx_word' id='word_1_214' title='bbox 387 2261 458 2338; x_wconf 84' lang='grc' dir='ltr'><strong><em>πρὸς</em></strong></span> <span class='ocrx_word' id='word_1_215' title='bbox 474 2259 664 2340; x_wconf 81' lang='grc' dir='ltr'><strong><em>Θεσμοθίτας,</em></strong></span> <span class='ocrx_word' id='word_1_216' title='bbox 680 2263 867 2336; x_wconf 88' lang='grc' dir='ltr'><strong><em>εἰσαγγελίας</em></strong></span> <span class='ocrx_word' id='word_1_217' title='bbox 881 2260 903 2319; x_wconf 88' lang='grc' dir='ltr'><strong><em>δ</em></strong></span> <span class='ocrx_word' id='word_1_218' title='bbox 916 2264 956 2327; x_wconf 90' lang='grc' dir='ltr'><strong><em>εἰς</em></strong></span> <span class='ocrx_word' id='word_1_219' title='bbox 966 2265 1019 2331; x_wconf 79' lang='grc' dir='ltr'><strong><em>τήν</em></strong></span> <span class='ocrx_word' id='word_1_220' title='bbox 1028 2260 1150 2332; x_wconf 80' lang='grc' dir='ltr'><strong><em>Βουλήν,</em></strong></span> <span class='ocrx_word' id='word_1_221' title='bbox 1165 2259 1291 2340; x_wconf 89' lang='grc' dir='ltr'><strong><em>προβο-</em></strong></span> 
     </span>
     <span class='ocr_line' id='line_1_23' title="bbox 192 2351 1291 2436; baseline 0.001 -25"><span class='ocrx_word' id='word_1_222' title='bbox 192 2356 258 2420; x_wconf 86' lang='grc' dir='ltr'><strong><em>λάς</em></strong></span> <span class='ocrx_word' id='word_1_223' title='bbox 273 2351 296 2410; x_wconf 87' lang='grc' dir='ltr'><strong><em>δ’</em></strong></span> <span class='ocrx_word' id='word_1_224' title='bbox 310 2352 345 2411; x_wconf 80' lang='grc' dir='ltr'><strong><em>ἐν</em></strong></span> <span class='ocrx_word' id='word_1_225' title='bbox 359 2358 403 2432; x_wconf 69' lang='grc' dir='ltr'><strong><em>τηί</em></strong></span> <span class='ocrx_word' id='word_1_226' title='bbox 413 2353 512 2434; x_wconf 77' lang='grc' dir='ltr'><strong><em>δήμῳ,</em></strong></span> <span class='ocrx_word' id='word_1_227' title='bbox 528 2352 688 2431; x_wconf 85' lang='grc' dir='ltr'><strong><em>νομίζον-τες</em></strong></span> <span class='ocrx_word' id='word_1_228' title='bbox 702 2353 767 2419; x_wconf 76' lang='grc' dir='ltr'><strong><em>τοὺς</em></strong></span> <span class='ocrx_word' id='word_1_229' title='bbox 781 2357 869 2433; x_wconf 75' lang='grc' dir='ltr'><strong><em>ταύτῃ</em></strong></span> <span class='ocrx_word' id='word_1_230' title='bbox 885 2356 921 2435; x_wconf 74' lang='grc' dir='ltr'><strong><em>τῇ</em></strong></span> <span class='ocrx_word' id='word_1_231' title='bbox 934 2354 1019 2436; x_wconf 77' lang='grc' dir='ltr'><strong><em>τέχνη</em></strong></span> <span class='ocrx_word' id='word_1_232' title='bbox 1039 2357 1203 2432; x_wconf 78' lang='grc' dir='ltr'><strong><em>χρωμένους</em></strong></span> <span class='ocrx_word' id='word_1_233' title='bbox 1216 2355 1291 2412; x_wconf 85' lang='grc' dir='ltr'><strong><em>άπά·</em></strong></span> 
     </span>
     <span class='ocr_line' id='line_1_24' title="bbox 195 2442 1292 2523; baseline 0.002 -18"><span class='ocrx_word' id='word_1_234' title='bbox 195 2468 250 2512; x_wconf 91' lang='grc' dir='ltr'><strong><em>σας</em></strong></span> <span class='ocrx_word' id='word_1_235' title='bbox 268 2442 459 2523; x_wconf 75' lang='grc' dir='ltr'><strong><em>ὑπερβάλλειν</em></strong></span> <span class='ocrx_word' id='word_1_236' title='bbox 481 2450 532 2512; x_wconf 87' lang='grc' dir='ltr'><strong><em>τάς</em></strong></span> <span class='ocrx_word' id='word_1_237' title='bbox 553 2450 698 2522; x_wconf 89' lang='grc' dir='ltr'><strong><em>πονηρίας.</em></strong></span> <span class='ocrx_word' id='word_1_238' title='bbox 720 2444 813 2505; x_wconf 77' lang='lat' dir='ltr'>Isocr.</span> <span class='ocrx_word' id='word_1_239' title='bbox 827 2444 865 2504; x_wconf 85' lang='lat' dir='ltr'>de</span> <span class='ocrx_word' id='word_1_240' title='bbox 879 2444 1107 2505; x_wconf 82' lang='lat' dir='ltr'>Permutatione.</span> <span class='ocrx_word' id='word_1_241' title='bbox 1149 2445 1292 2507; x_wconf 80' lang='lat' dir='ltr'>Similiter</span> 
     </span>
     <span class='ocr_line' id='line_1_25' title="bbox 192 2524 1291 2616; baseline -0.002 -18"><span class='ocrx_word' id='word_1_242' title='bbox 192 2536 224 2598; x_wconf 89' lang='lat' dir='ltr'><strong><em>in</em></strong></span> <span class='ocrx_word' id='word_1_243' title='bbox 239 2536 466 2596; x_wconf 72' lang='lat' dir='ltr'>decessionibus</span> <span class='ocrx_word' id='word_1_244' title='bbox 480 2537 517 2597; x_wconf 84' lang='lat' dir='ltr'>nd</span> <span class='ocrx_word' id='word_1_245' title='bbox 533 2535 711 2616; x_wconf 71' lang='lat' dir='ltr'>Harpocran</span> <span class='ocrx_word' id='word_1_246' title='bbox 732 2534 861 2607; x_wconf 89' lang='lat' dir='ltr'>ineditis,</span> <span class='ocrx_word' id='word_1_247' title='bbox 880 2555 916 2595; x_wconf 83' lang='lat' dir='ltr'>ex</span> <span class='ocrx_word' id='word_1_248' title='bbox 931 2535 1006 2595; x_wconf 85' lang='lat' dir='ltr'>Cod.</span> <span class='ocrx_word' id='word_1_249' title='bbox 1022 2524 1088 2595; x_wconf 76' lang='lat' dir='ltr'>bis,</span> <span class='ocrx_word' id='word_1_250' title='bbox 1102 2536 1132 2594; x_wconf 94' lang='lat' dir='ltr'><strong><em>in</em></strong></span> <span class='ocrx_word' id='word_1_251' title='bbox 1148 2537 1291 2598; x_wconf 88' lang='lat' dir='ltr'>Bibliotb.</span> 
     </span>
    </p>
   </div>
   <div class='ocr_carea' id='block_1_5' title="bbox 194 2627 1392 2707">
    <p class='ocr_par' dir='ltr' id='par_1_5' title="bbox 194 2627 1392 2707">
     <span class='ocr_line' id='line_1_26' title="bbox 194 2627 1392 2707; baseline -0.001 -18"><span class='ocrx_word' id='word_1_252' title='bbox 194 2629 267 2706; x_wconf 78' lang='lat' dir='ltr'>Reg.</span> <span class='ocrx_word' id='word_1_253' title='bbox 281 2629 367 2688; x_wconf 82' lang='lat' dir='ltr'>Cant.</span> <span class='ocrx_word' id='word_1_254' title='bbox 383 2629 520 2688; x_wconf 88' lang='lat' dir='ltr'>dicuntur</span> <span class='ocrx_word' id='word_1_255' title='bbox 534 2649 569 2688; x_wconf 84' lang='lat' dir='ltr'>ea</span> <span class='ocrx_word' id='word_1_256' title='bbox 583 2627 699 2688; x_wconf 85' lang='lat' dir='ltr'>notione</span> <span class='ocrx_word' id='word_1_257' title='bbox 715 2628 818 2699; x_wconf 88' lang='lat' dir='ltr'>teneri,</span> <span class='ocrx_word' id='word_1_258' title='bbox 833 2629 885 2704; x_wconf 90' lang='lat' dir='ltr'><strong><em>qui</em></strong></span> <span class='ocrx_word' id='word_1_259' title='bbox 901 2627 1140 2705; x_wconf 77' lang='lat' dir='ltr'>Argentifodinas</span> <span class='ocrx_word' id='word_1_260' title='bbox 1155 2629 1290 2706; x_wconf 83' lang='lat' dir='ltr'>publices</span> <span class='ocrx_word' id='word_1_261' title='bbox 1388 2701 1392 2707; x_wconf 90' lang='lat'>.</span> 
     </span>
    </p>
   </div>
   <div class='ocr_carea' id='block_1_6' title="bbox 192 2709 1303 4466">
    <p class='ocr_par' dir='ltr' id='par_1_6' title="bbox 192 2709 1303 4466">
     <span class='ocr_line' id='line_1_27' title="bbox 193 2709 1291 2798; baseline -0.001 -18"><span class='ocrx_word' id='word_1_262' title='bbox 193 2721 270 2780; x_wconf 82' lang='lat' dir='ltr'>olam</span> <span class='ocrx_word' id='word_1_263' title='bbox 289 2731 437 2791; x_wconf 86' lang='lat' dir='ltr'>exercent,</span> <span class='ocrx_word' id='word_1_264' title='bbox 457 2731 508 2781; x_wconf 82' lang='lat' dir='ltr'><strong><em>aut</em></strong></span> <span class='ocrx_word' id='word_1_265' title='bbox 528 2709 640 2798; x_wconf 60' lang='lat' dir='ltr'>aliquid</span> <span class='ocrx_word' id='word_1_266' title='bbox 664 2720 783 2788; x_wconf 84' lang='lat' dir='ltr'>demum</span> <span class='ocrx_word' id='word_1_267' title='bbox 805 2740 841 2778; x_wconf 80' lang='lat' dir='ltr'>ex</span> <span class='ocrx_word' id='word_1_268' title='bbox 861 2719 989 2797; x_wconf 76' lang='lat' dir='ltr'>publicis</span> <span class='ocrx_word' id='word_1_269' title='bbox 1007 2719 1169 2779; x_wconf 80' lang='lat' dir='ltr'>rationibus</span> <span class='ocrx_word' id='word_1_270' title='bbox 1189 2720 1291 2798; x_wconf 78' lang='lat' dir='ltr'><strong><em>aliquo¹</em></strong></span> 
     </span>
     <span class='ocr_line' id='line_1_28' title="bbox 193 2811 1290 2890; baseline -0.001 -18"><span class='ocrx_word' id='word_1_271' title='bbox 193 2811 282 2872; x_wconf 88' lang='lat' dir='ltr'>modo</span> <span class='ocrx_word' id='word_1_272' title='bbox 292 2812 515 2890; x_wconf 84' lang='lat' dir='ltr'>depeculantnr.</span> <span class='ocrx_word' id='word_1_273' title='bbox 556 2815 660 2876; x_wconf 81' lang='lat' dir='ltr'>Errare</span> <span class='ocrx_word' id='word_1_274' title='bbox 672 2830 741 2889; x_wconf 85' lang='lat' dir='ltr'>ergo</span> <span class='ocrx_word' id='word_1_275' title='bbox 753 2811 915 2871; x_wconf 84' lang='lat' dir='ltr'>videturT.</span> <span class='ocrx_word' id='word_1_276' title='bbox 928 2811 1080 2887; x_wconf 81' lang='lat' dir='ltr'>Magister,</span> <span class='ocrx_word' id='word_1_277' title='bbox 1094 2829 1162 2869; x_wconf 88' lang='lat' dir='ltr'><strong><em>cum</em></strong></span> <span class='ocrx_word' id='word_1_278' title='bbox 1177 2813 1290 2882; x_wconf 88' lang='lat' dir='ltr'>scribit,</span> 
     </span>
     <span class='ocr_line' id='line_1_29' title="bbox 194 2903 1292 2986; baseline -0.003 -22"><span class='ocrx_word' id='word_1_279' title='bbox 194 2905 233 2964; x_wconf 87' lang='lat' dir='ltr'>nd</span> <span class='ocrx_word' id='word_1_280' title='bbox 250 2905 391 2986; x_wconf 82' lang='lat' dir='ltr'>Dionysia</span> <span class='ocrx_word' id='word_1_281' title='bbox 406 2907 476 2964; x_wconf 93' lang='lat' dir='ltr'>etin</span> <span class='ocrx_word' id='word_1_282' title='bbox 492 2905 526 2964; x_wconf 91' lang='lat' dir='ltr'><strong><em>iis</em></strong></span> <span class='ocrx_word' id='word_1_283' title='bbox 540 2904 697 2985; x_wconf 75' lang='grc' dir='ltr'><strong><em>ἀδικήματα</em></strong></span> <span class='ocrx_word' id='word_1_284' title='bbox 711 2905 828 2981; x_wconf 81' lang='lat' dir='ltr'>proprie</span> <span class='ocrx_word' id='word_1_285' title='bbox 842 2904 998 2983; x_wconf 83' lang='lat' dir='ltr'>pertinere,</span> <span class='ocrx_word' id='word_1_286' title='bbox 1013 2903 1050 2961; x_wconf 85' lang='lat' dir='ltr'>nd</span> <span class='ocrx_word' id='word_1_287' title='bbox 1065 2915 1170 2963; x_wconf 81' lang='lat' dir='ltr'>caetera</span> <span class='ocrx_word' id='word_1_288' title='bbox 1185 2903 1292 2982; x_wconf 74' lang='lat' dir='ltr'>improz</span> 
     </span>
     <span class='ocr_line' id='line_1_30' title="bbox 192 2993 1292 3076; baseline -0.001 -20"><span class='ocrx_word' id='word_1_289' title='bbox 192 2996 257 3076; x_wconf 79' lang='lat' dir='ltr'>prie</span> <span class='ocrx_word' id='word_1_290' title='bbox 272 2998 346 3056; x_wconf 80' lang='lat' dir='ltr'>trabi</span> <span class='ocrx_word' id='word_1_291' title='bbox 362 2998 418 3056; x_wconf 85' lang='lat' dir='ltr'><strong><em>hoc</em></strong></span> <span class='ocrx_word' id='word_1_292' title='bbox 434 2999 620 3058; x_wconf 75' lang='lat' dir='ltr'>vocabulum.</span> <span class='ocrx_word' id='word_1_293' title='bbox 661 2994 800 3074; x_wconf 76' lang='grc' dir='ltr'><strong><em>Προβολι)</em></strong></span> <span class='ocrx_word' id='word_1_294' title='bbox 817 2999 861 3054; x_wconf 84' lang='grc' dir='ltr'><strong><em>καί</em></strong></span> <span class='ocrx_word' id='word_1_295' title='bbox 877 2999 894 3066; x_wconf 67' lang='lat' dir='ltr'><strong><em>i)</em></strong></span> <span class='ocrx_word' id='word_1_296' title='bbox 908 3000 978 3054; x_wconf 84' lang='grc' dir='ltr'><strong><em>κατὰ</em></strong></span> <span class='ocrx_word' id='word_1_297' title='bbox 992 3006 1047 3055; x_wconf 83' lang='grc' dir='ltr'><strong><em>τῶν</em></strong></span> <span class='ocrx_word' id='word_1_298' title='bbox 1062 2993 1241 3068; x_wconf 69' lang='grc' dir='ltr'><strong><em>άσεβοίυτων</em></strong></span> <span class='ocrx_word' id='word_1_299' title='bbox 1259 2997 1292 3055; x_wconf 86' lang='grc' dir='ltr'><strong><em>ἰν</em></strong></span> 
     </span>
     <span class='ocr_line' id='line_1_31' title="bbox 193 3085 1292 3168; baseline -0.003 -20"><span class='ocrx_word' id='word_1_300' title='bbox 193 3097 253 3155; x_wconf 81' lang='grc' dir='ltr'><strong><em>τοῖς</em></strong></span> <span class='ocrx_word' id='word_1_301' title='bbox 272 3089 429 3155; x_wconf 79' lang='grc' dir='ltr'><strong><em>Διονυσίοις</em></strong></span> <span class='ocrx_word' id='word_1_302' title='bbox 450 3093 611 3168; x_wconf 89' lang='grc' dir='ltr'><strong><em>κατηγορία.</em></strong></span> <span class='ocrx_word' id='word_1_303' title='bbox 634 3099 862 3166; x_wconf 84' lang='grc' dir='ltr'><strong><em>καταχρηστικῶς</em></strong></span> <span class='ocrx_word' id='word_1_304' title='bbox 877 3086 905 3145; x_wconf 79' lang='grc' dir='ltr'><strong><em>δὲ</em></strong></span> <span class='ocrx_word' id='word_1_305' title='bbox 924 3090 969 3144; x_wconf 84' lang='grc' dir='ltr'><strong><em>καί</em></strong></span> <span class='ocrx_word' id='word_1_306' title='bbox 988 3089 1080 3166; x_wconf 78' lang='grc' dir='ltr'><strong><em>ηπερί</em></strong></span> <span class='ocrx_word' id='word_1_307' title='bbox 1099 3087 1192 3158; x_wconf 86' lang='grc' dir='ltr'><strong><em>πάσης</em></strong></span> <span class='ocrx_word' id='word_1_308' title='bbox 1213 3085 1292 3158; x_wconf 86' lang='grc' dir='ltr'><strong><em>δίκης</em></strong></span> 
     </span>
     <span class='ocr_line' id='line_1_32' title="bbox 194 3177 1291 3260; baseline -0.004 -21"><span class='ocrx_word' id='word_1_309' title='bbox 194 3184 358 3258; x_wconf 86' lang='grc' dir='ltr'><strong><em>κατηγορία.</em></strong></span> <span class='ocrx_word' id='word_1_310' title='bbox 376 3185 414 3249; x_wconf 80' lang='grc' dir='ltr'><strong><em>ὡς</em></strong></span> <span class='ocrx_word' id='word_1_311' title='bbox 428 3184 578 3260; x_wconf 89' lang='grc' dir='ltr'><strong><em>Αἰσχίνης·</em></strong></span> <span class='ocrx_word' id='word_1_312' title='bbox 594 3179 712 3259; x_wconf 75' lang='grc' dir='ltr'><strong><em>δημοσίᾳ</em></strong></span> <span class='ocrx_word' id='word_1_313' title='bbox 733 3177 881 3258; x_wconf 84' lang='grc' dir='ltr'><strong><em>προβολάς</em></strong></span> <span class='ocrx_word' id='word_1_314' title='bbox 899 3177 1064 3258; x_wconf 61' lang='grc' dir='ltr'><strong><em>ποιοίμεθα.</em></strong></span> <span class='ocrx_word' id='word_1_315' title='bbox 1105 3177 1217 3241; x_wconf 82' lang='lat' dir='ltr'>Locum</span> <span class='ocrx_word' id='word_1_316' title='bbox 1241 3177 1291 3235; x_wconf 71' lang='grc' dir='ltr'><strong><em>ΙΕ-</em></strong></span> 
     </span>
     <span class='ocr_line' id='line_1_33' title="bbox 194 3265 1291 3348; baseline -0.003 -18"><span class='ocrx_word' id='word_1_317' title='bbox 194 3271 302 3330; x_wconf 86' lang='lat' dir='ltr'>scbinis</span> <span class='ocrx_word' id='word_1_318' title='bbox 321 3271 409 3330; x_wconf 88' lang='lat' dir='ltr'>nrodo</span> <span class='ocrx_word' id='word_1_319' title='bbox 430 3271 622 3330; x_wconf 76' lang='lat' dir='ltr'>laudavimus.</span> <span class='ocrx_word' id='word_1_320' title='bbox 663 3265 813 3347; x_wconf 81' lang='grc' dir='ltr'><strong><em>Προβολαί</em></strong></span> <span class='ocrx_word' id='word_1_321' title='bbox 832 3271 922 3348; x_wconf 84' lang='lat' dir='ltr'>igitur</span> <span class='ocrx_word' id='word_1_322' title='bbox 939 3279 1023 3330; x_wconf 84' lang='lat' dir='ltr'>erant</span> <span class='ocrx_word' id='word_1_323' title='bbox 1041 3270 1125 3346; x_wconf 84' lang='lat' dir='ltr'>quusi</span> <span class='ocrx_word' id='word_1_324' title='bbox 1140 3269 1291 3329; x_wconf 76' lang='lat' dir='ltr'>Procnen-¹</span> 
     </span>
     <span class='ocr_line' id='line_1_34' title="bbox 194 3357 1295 3442; baseline -0.002 -21"><span class='ocrx_word' id='word_1_325' title='bbox 194 3363 287 3422; x_wconf 78' lang='lat' dir='ltr'>tiones</span> <span class='ocrx_word' id='word_1_326' title='bbox 301 3361 341 3422; x_wconf 87' lang='lat' dir='ltr'><strong><em>od</em></strong></span> <span class='ocrx_word' id='word_1_327' title='bbox 354 3363 516 3442; x_wconf 83' lang='lat' dir='ltr'>Populum,</span> <span class='ocrx_word' id='word_1_328' title='bbox 532 3363 630 3423; x_wconf 80' lang='lat' dir='ltr'>statim</span> <span class='ocrx_word' id='word_1_329' title='bbox 644 3371 674 3420; x_wconf 91' lang='lat' dir='ltr'>et</span> <span class='ocrx_word' id='word_1_330' title='bbox 688 3362 886 3421; x_wconf 80' lang='lat' dir='ltr'>indesinenter</span> <span class='ocrx_word' id='word_1_331' title='bbox 900 3361 998 3430; x_wconf 79' lang='lat' dir='ltr'>inctae,</span> <span class='ocrx_word' id='word_1_332' title='bbox 1013 3365 1077 3438; x_wconf 87' lang='grc' dir='ltr'><strong><em>παρ’</em></strong></span> <span class='ocrx_word' id='word_1_333' title='bbox 1090 3365 1163 3420; x_wconf 72' lang='grc' dir='ltr'><strong><em>αἰπὰ</em></strong></span> <span class='ocrx_word' id='word_1_334' title='bbox 1181 3357 1295 3432; x_wconf 62' lang='lat' dir='ltr'>eddoni-⁸</span> 
     </span>
     <span class='ocr_line' id='line_1_35' title="bbox 193 3453 1292 3536; baseline 0 -23"><span class='ocrx_word' id='word_1_335' title='bbox 193 3479 281 3536; x_wconf 86' lang='grc' dir='ltr'><strong><em>ματα,</em></strong></span> <span class='ocrx_word' id='word_1_336' title='bbox 295 3464 329 3514; x_wconf 88' lang='lat' dir='ltr'><strong><em>ut</em></strong></span> <span class='ocrx_word' id='word_1_337' title='bbox 342 3457 474 3534; x_wconf 88' lang='lat' dir='ltr'>loquitur</span> <span class='ocrx_word' id='word_1_338' title='bbox 492 3465 602 3530; x_wconf 85' lang='lat' dir='ltr'>noster,</span> <span class='ocrx_word' id='word_1_339' title='bbox 617 3459 643 3530; x_wconf 76' lang='grc' dir='ltr'><strong><em>(η.</em></strong></span> <span class='ocrx_word' id='word_1_340' title='bbox 656 3458 681 3514; x_wconf 90' lang='grc' dir='ltr'><strong><em>θ.</em></strong></span> <span class='ocrx_word' id='word_1_341' title='bbox 698 3455 775 3513; x_wconf 87' lang='lat' dir='ltr'>med.</span> <span class='ocrx_word' id='word_1_342' title='bbox 792 3457 816 3526; x_wconf 66' lang='lat' dir='ltr'><strong><em>b.</em></strong></span> <span class='ocrx_word' id='word_1_343' title='bbox 830 3456 860 3526; x_wconf 75' lang='grc' dir='ltr'><strong><em>ξ.</em></strong></span> <span class='ocrx_word' id='word_1_344' title='bbox 875 3464 916 3527; x_wconf 88' lang='lat' dir='ltr'>et,</span> <span class='ocrx_word' id='word_1_345' title='bbox 926 3459 987 3515; x_wconf 81' lang='grc' dir='ltr'><strong><em>τότε</em></strong></span> <span class='ocrx_word' id='word_1_346' title='bbox 1000 3455 1032 3515; x_wconf 79' lang='grc' dir='ltr'><strong><em>ἐν</em></strong></span> <span class='ocrx_word' id='word_1_347' title='bbox 1045 3459 1082 3534; x_wconf 74' lang='grc' dir='ltr'><strong><em>τῷ</em></strong></span> <span class='ocrx_word' id='word_1_348' title='bbox 1095 3453 1170 3535; x_wconf 84' lang='grc' dir='ltr'><strong><em>δήμρ</em></strong></span> <span class='ocrx_word' id='word_1_349' title='bbox 1183 3478 1292 3533; x_wconf 88' lang='grc' dir='ltr'><strong><em>παρα-</em></strong></span> 
     </span>
     <span class='ocr_line' id='line_1_36' title="bbox 195 3537 1303 3630; baseline 0 -25"><span class='ocrx_word' id='word_1_350' title='bbox 195 3559 315 3630; x_wconf 77' lang='grc' dir='ltr'><strong><em>χρῆμα</em></strong></span> <span class='ocrx_word' id='word_1_351' title='bbox 328 3547 471 3623; x_wconf 78' lang='grc' dir='ltr'><strong><em>ἐξήλεγξα,</em></strong></span> <span class='ocrx_word' id='word_1_352' title='bbox 485 3549 508 3620; x_wconf 65' lang='grc' dir='ltr'><strong><em>ή.</em></strong></span> <span class='ocrx_word' id='word_1_353' title='bbox 525 3547 559 3617; x_wconf 72' lang='grc' dir='ltr'><strong><em>ζ.</em></strong></span> <span class='ocrx_word' id='word_1_354' title='bbox 595 3547 684 3615; x_wconf 84' lang='lat' dir='ltr'>Quod</span> <span class='ocrx_word' id='word_1_355' title='bbox 702 3547 726 3605; x_wconf 87' lang='lat' dir='ltr'><strong><em>si</em></strong></span> <span class='ocrx_word' id='word_1_356' title='bbox 744 3545 850 3625; x_wconf 90' lang='lat' dir='ltr'>Populi</span> <span class='ocrx_word' id='word_1_357' title='bbox 870 3547 1077 3624; x_wconf 81' lang='lat' dir='ltr'>preejudicium</span> <span class='ocrx_word' id='word_1_358' title='bbox 1095 3544 1189 3619; x_wconf 86' lang='lat' dir='ltr'>fieret,</span> <span class='ocrx_word' id='word_1_359' title='bbox 1204 3537 1303 3606; x_wconf 72' lang='lat' dir='ltr'>onusti</span> 
     </span>
     <span class='ocr_line' id='line_1_37' title="bbox 195 3631 1294 3716; baseline -0.002 -18"><span class='ocrx_word' id='word_1_360' title='bbox 195 3640 233 3699; x_wconf 81' lang='lat' dir='ltr'>nd</span> <span class='ocrx_word' id='word_1_361' title='bbox 248 3639 473 3700; x_wconf 80' lang='lat' dir='ltr'>Thesmotbetos</span> <span class='ocrx_word' id='word_1_362' title='bbox 488 3631 685 3710; x_wconf 75' lang='lat' dir='ltr'>deserebatur,</span> <span class='ocrx_word' id='word_1_363' title='bbox 702 3639 752 3716; x_wconf 91' lang='lat' dir='ltr'><strong><em>qui</em></strong></span> <span class='ocrx_word' id='word_1_364' title='bbox 768 3658 832 3698; x_wconf 84' lang='lat' dir='ltr'>eam</span> <span class='ocrx_word' id='word_1_365' title='bbox 846 3639 884 3698; x_wconf 86' lang='lat' dir='ltr'>nd</span> <span class='ocrx_word' id='word_1_366' title='bbox 902 3638 1021 3715; x_wconf 84' lang='lat' dir='ltr'>judices</span> <span class='ocrx_word' id='word_1_367' title='bbox 1040 3637 1239 3710; x_wconf 80' lang='lat' dir='ltr'>adducebant,</span> <span class='ocrx_word' id='word_1_368' title='bbox 1259 3647 1294 3697; x_wconf 85' lang='lat' dir='ltr'>ur</span> 
     </span>
     <span class='ocr_line' id='line_1_38' title="bbox 192 3729 1293 3812; baseline 0.001 -21"><span class='ocrx_word' id='word_1_369' title='bbox 192 3731 235 3791; x_wconf 89' lang='lat' dir='ltr'><strong><em>ibi</em></strong></span> <span class='ocrx_word' id='word_1_370' title='bbox 249 3735 310 3807; x_wconf 89' lang='grc' dir='ltr'><strong><em>περί</em></strong></span> <span class='ocrx_word' id='word_1_371' title='bbox 324 3743 372 3802; x_wconf 84' lang='grc' dir='ltr'><strong><em>τῆς</em></strong></span> <span class='ocrx_word' id='word_1_372' title='bbox 385 3739 432 3791; x_wconf 82' lang='grc' dir='ltr'><strong><em>τοῦ</em></strong></span> <span class='ocrx_word' id='word_1_373' title='bbox 446 3733 535 3812; x_wconf 89' lang='grc' dir='ltr'><strong><em>δήμου</em></strong></span> <span class='ocrx_word' id='word_1_374' title='bbox 549 3737 804 3810; x_wconf 86' lang='grc' dir='ltr'><strong><em>καταχειροτονίας,</em></strong></span> <span class='ocrx_word' id='word_1_375' title='bbox 820 3750 883 3809; x_wconf 88' lang='lat' dir='ltr'><strong><em>quo</em></strong></span> <span class='ocrx_word' id='word_1_376' title='bbox 897 3732 986 3791; x_wconf 89' lang='lat' dir='ltr'>modo</span> <span class='ocrx_word' id='word_1_377' title='bbox 1002 3731 1134 3809; x_wconf 76' lang='lat' dir='ltr'>loquitur</span> <span class='ocrx_word' id='word_1_378' title='bbox 1150 3729 1293 3792; x_wconf 80' lang='lat' dir='ltr'>Libunlus</span> 
     </span>
     <span class='ocr_line' id='line_1_39' title="bbox 194 3823 1292 3902; baseline 0.003 -19"><span class='ocrx_word' id='word_1_379' title='bbox 194 3823 225 3883; x_wconf 87' lang='lat' dir='ltr'><strong><em>in</em></strong></span> <span class='ocrx_word' id='word_1_380' title='bbox 241 3833 423 3902; x_wconf 78' lang='lat' dir='ltr'>argumento,</span> <span class='ocrx_word' id='word_1_381' title='bbox 443 3824 594 3886; x_wconf 80' lang='lat' dir='ltr'>contentio</span> <span class='ocrx_word' id='word_1_382' title='bbox 614 3825 707 3884; x_wconf 81' lang='lat' dir='ltr'>fieret.</span> <span class='ocrx_word' id='word_1_383' title='bbox 748 3825 807 3884; x_wconf 83' lang='grc' dir='ltr'><strong><em>Καὶ</em></strong></span> <span class='ocrx_word' id='word_1_384' title='bbox 821 3829 872 3892; x_wconf 84' lang='grc' dir='ltr'><strong><em>τάς</em></strong></span> <span class='ocrx_word' id='word_1_385' title='bbox 886 3828 1074 3902; x_wconf 83' lang='grc' dir='ltr'><strong><em>εἰσαγγελίας</em></strong></span> <span class='ocrx_word' id='word_1_386' title='bbox 1087 3829 1292 3901; x_wconf 74' lang='grc' dir='ltr'><strong><em>εἰσαγγέλλου·</em></strong></span> 
     </span>
     <span class='ocr_line' id='line_1_40' title="bbox 194 3918 1293 3999; baseline 0.002 -20"><span class='ocrx_word' id='word_1_387' title='bbox 194 3939 250 3989; x_wconf 88' lang='grc' dir='ltr'><strong><em>σιν,</em></strong></span> <span class='ocrx_word' id='word_1_388' title='bbox 266 3920 311 3976; x_wconf 87' lang='grc' dir='ltr'><strong><em>καί</em></strong></span> <span class='ocrx_word' id='word_1_389' title='bbox 325 3921 386 3983; x_wconf 85' lang='grc' dir='ltr'><strong><em>τάς</em></strong></span> <span class='ocrx_word' id='word_1_390' title='bbox 398 3918 582 3994; x_wconf 82' lang='grc' dir='ltr'><strong><em>προβολάς</em></strong></span> <span class='ocrx_word' id='word_1_391' title='bbox 601 3919 822 3993; x_wconf 85' lang='grc' dir='ltr'><strong><em>εἰσάγουσιν,</em></strong></span> <span class='ocrx_word' id='word_1_392' title='bbox 843 3922 889 3977; x_wconf 86' lang='grc' dir='ltr'><strong><em>καί</em></strong></span> <span class='ocrx_word' id='word_1_393' title='bbox 902 3923 955 3986; x_wconf 77' lang='grc' dir='ltr'><strong><em>τάς</em></strong></span> <span class='ocrx_word' id='word_1_394' title='bbox 969 3929 1025 3980; x_wconf 77' lang='grc' dir='ltr'><strong><em>τῶν</em></strong></span> <span class='ocrx_word' id='word_1_395' title='bbox 1039 3922 1209 3999; x_wconf 82' lang='grc' dir='ltr'><strong><em>παρανόμων</em></strong></span> <span class='ocrx_word' id='word_1_396' title='bbox 1222 3944 1293 3998; x_wconf 84' lang='grc' dir='ltr'><strong><em>γρα-</em></strong></span> 
     </span>
     <span class='ocr_line' id='line_1_41' title="bbox 193 4007 1292 4094; baseline 0.001 -25"><span class='ocrx_word' id='word_1_397' title='bbox 193 4011 260 4091; x_wconf 87' lang='grc' dir='ltr'><strong><em>φάς.</em></strong></span> <span class='ocrx_word' id='word_1_398' title='bbox 281 4007 355 4068; x_wconf 87' lang='lat' dir='ltr'>Poll.</span> <span class='ocrx_word' id='word_1_399' title='bbox 375 4009 457 4067; x_wconf 90' lang='lat' dir='ltr'>Vlll.</span> <span class='ocrx_word' id='word_1_400' title='bbox 480 4019 509 4071; x_wconf 84' lang='grc'><strong><em>9.</em></strong></span> <span class='ocrx_word' id='word_1_401' title='bbox 540 4011 609 4070; x_wconf 85' lang='lat' dir='ltr'>vid.</span> <span class='ocrx_word' id='word_1_402' title='bbox 624 4037 674 4094; x_wconf 89' lang='grc' dir='ltr'><strong><em>σχ.</em></strong></span> <span class='ocrx_word' id='word_1_403' title='bbox 689 4011 811 4089; x_wconf 86' lang='lat' dir='ltr'>Ulpinn.</span> <span class='ocrx_word' id='word_1_404' title='bbox 827 4009 867 4070; x_wconf 83' lang='lat' dir='ltr'>nd</span> <span class='ocrx_word' id='word_1_405' title='bbox 889 4010 956 4070; x_wconf 79' lang='lat' dir='ltr'><strong><em>haec</em></strong></span> <span class='ocrx_word' id='word_1_406' title='bbox 975 4011 1064 4070; x_wconf 81' lang='lat' dir='ltr'>verbu</span> <span class='ocrx_word' id='word_1_407' title='bbox 1084 4011 1292 4071; x_wconf 82' lang='lat' dir='ltr'>Demosthenis</span> 
     </span>
     <span class='ocr_line' id='line_1_42' title="bbox 193 4099 1293 4181; baseline 0.004 -23"><span class='ocrx_word' id='word_1_408' title='bbox 193 4099 270 4177; x_wconf 48' lang='lat' dir='ltr'>§.lib</span> <span class='ocrx_word' id='word_1_409' title='bbox 284 4102 330 4159; x_wconf 86' lang='grc' dir='ltr'><strong><em>καί</em></strong></span> <span class='ocrx_word' id='word_1_410' title='bbox 343 4104 553 4178; x_wconf 79' lang='grc' dir='ltr'><strong><em>κατηγορήσων,</em></strong></span> <span class='ocrx_word' id='word_1_411' title='bbox 570 4103 662 4174; x_wconf 79' lang='grc' dir='ltr'><strong><em>ἐπειδή</em></strong></span> <span class='ocrx_word' id='word_1_412' title='bbox 680 4127 723 4171; x_wconf 87' lang='grc' dir='ltr'><strong><em>τις</em></strong></span> <span class='ocrx_word' id='word_1_413' title='bbox 743 4104 862 4178; x_wconf 87' lang='grc' dir='ltr'><strong><em>εἰσάγει,</em></strong></span> <span class='ocrx_word' id='word_1_414' title='bbox 881 4104 1004 4181; x_wconf 87' lang='grc' dir='ltr'><strong><em>πάρειμι,</em></strong></span> <span class='ocrx_word' id='word_1_415' title='bbox 1024 4109 1062 4170; x_wconf 75' lang='grc' dir='ltr'><strong><em>ὣς</em></strong></span> <span class='ocrx_word' id='word_1_416' title='bbox 1075 4105 1163 4180; x_wconf 80' lang='grc' dir='ltr'><strong><em>δρᾶτε.</em></strong></span> <span class='ocrx_word' id='word_1_417' title='bbox 1205 4103 1293 4163; x_wconf 78' lang='lat' dir='ltr'>Hanc</span> 
     </span>
     <span class='ocr_line' id='line_1_43' title="bbox 194 4193 1291 4272; baseline 0.002 -20"><span class='ocrx_word' id='word_1_418' title='bbox 194 4193 325 4270; x_wconf 86' lang='lat' dir='ltr'>deniqne</span> <span class='ocrx_word' id='word_1_419' title='bbox 338 4193 497 4263; x_wconf 85' lang='lat' dir='ltr'>notionem,</span> <span class='ocrx_word' id='word_1_420' title='bbox 512 4203 547 4252; x_wconf 90' lang='lat' dir='ltr'><strong><em>ut</em></strong></span> <span class='ocrx_word' id='word_1_421' title='bbox 558 4213 659 4254; x_wconf 87' lang='lat' dir='ltr'>omnes</span> <span class='ocrx_word' id='word_1_422' title='bbox 672 4211 732 4265; x_wconf 85' lang='lat' dir='ltr'>ens,</span> <span class='ocrx_word' id='word_1_423' title='bbox 749 4213 818 4272; x_wconf 67' lang='lat' dir='ltr'>quor</span> <span class='ocrx_word' id='word_1_424' title='bbox 833 4194 863 4253; x_wconf 90' lang='lat' dir='ltr'><strong><em>in</em></strong></span> <span class='ocrx_word' id='word_1_425' title='bbox 877 4194 998 4271; x_wconf 91' lang='lat' dir='ltr'>publico</span> <span class='ocrx_word' id='word_1_426' title='bbox 1008 4195 1076 4272; x_wconf 86' lang='lat' dir='ltr'>jure</span> <span class='ocrx_word' id='word_1_427' title='bbox 1089 4195 1291 4267; x_wconf 80' lang='lat' dir='ltr'>versabantur,</span> 
     </span>
     <span class='ocr_line' id='line_1_44' title="bbox 193 4281 1293 4364; baseline 0.003 -21"><span class='ocrx_word' id='word_1_428' title='bbox 193 4285 256 4358; x_wconf 79' lang='grc' dir='ltr'><strong><em>ίξῆν</em></strong></span> <span class='ocrx_word' id='word_1_429' title='bbox 274 4288 312 4364; x_wconf 69' lang='grc' dir='ltr'><strong><em>τῷ</em></strong></span> <span class='ocrx_word' id='word_1_430' title='bbox 326 4281 491 4364; x_wconf 77' lang='grc' dir='ltr'><strong><em>βουλομένη</em></strong></span> <span class='ocrx_word' id='word_1_431' title='bbox 507 4285 671 4364; x_wconf 79' lang='grc' dir='ltr'><strong><em>γράφεσθαι,</em></strong></span> <span class='ocrx_word' id='word_1_432' title='bbox 692 4286 831 4362; x_wconf 82' lang='lat' dir='ltr'>quoninnr</span> <span class='ocrx_word' id='word_1_433' title='bbox 851 4285 889 4345; x_wconf 85' lang='lat' dir='ltr'>nd</span> <span class='ocrx_word' id='word_1_434' title='bbox 912 4285 1019 4364; x_wconf 89' lang='lat' dir='ltr'>Remp.</span> <span class='ocrx_word' id='word_1_435' title='bbox 1033 4287 1145 4346; x_wconf 87' lang='lat' dir='ltr'>crimen</span> <span class='ocrx_word' id='word_1_436' title='bbox 1160 4295 1293 4363; x_wconf 74' lang='lat' dir='ltr'>spectare</span> 
     </span>
     <span class='ocr_line' id='line_1_45' title="bbox 193 4374 1293 4466; baseline 0 -28"><span class='ocrx_word' id='word_1_437' title='bbox 193 4376 367 4448; x_wconf 62' lang='lat' dir='ltr'>ildebertum</span> <span class='ocrx_word' id='word_1_438' title='bbox 389 4376 446 4436; x_wconf 80' lang='lat' dir='ltr'>bno</span> <span class='ocrx_word' id='word_1_439' title='bbox 459 4385 565 4436; x_wconf 76' lang='lat' dir='ltr'>umen</span> <span class='ocrx_word' id='word_1_440' title='bbox 586 4377 857 4466; x_wconf 74' lang='lat' dir='ltr'>additoeuutione,</span> <span class='ocrx_word' id='word_1_441' title='bbox 876 4377 957 4456; x_wconf 84' lang='lat' dir='ltr'>quod</span> <span class='ocrx_word' id='word_1_442' title='bbox 977 4381 993 4438; x_wconf 85' lang='grc' dir='ltr'><strong><em>ὁ</em></strong></span> <span class='ocrx_word' id='word_1_443' title='bbox 1011 4381 1050 4456; x_wconf 78' lang='grc' dir='ltr'><strong><em>μή</em></strong></span> <span class='ocrx_word' id='word_1_444' title='bbox 1068 4374 1241 4457; x_wconf 69' lang='grc' dir='ltr'><strong><em>μεταλαβὼν</em></strong></span> <span class='ocrx_word' id='word_1_445' title='bbox 1259 4379 1293 4438; x_wconf 74' lang='grc' dir='ltr'><strong><em>τὸ</em></strong></span> 
     </span>
    </p>
   </div>
   <div class='ocr_carea' id='block_1_7' title="bbox 0 0 1529 4975">
    <p class='ocr_par' dir='ltr' id='par_1_7' title="bbox 0 0 1529 4975">
     <span class='ocr_line' id='line_1_46' title="bbox 0 0 1529 4975; baseline 0 0"><span class='ocrx_word' id='word_1_446' title='bbox 0 0 1529 4975; x_wconf 95' lang='lat' dir='ltr'><strong><em> </em></strong></span> 
     </span>
    </p>
   </div>
  </div>
 </body>
</html>
