3042 4975
447 320 512 389 ao
537 320 611 389 on.
629 318 817 391 nonnas
840 319 1033 390 ιιιιιιιιι.
1273 299 1316 385 7·

151 542 155 550 ,
209 486 333 565 τέρπον
361 484 443 561 μέρος
469 494 525 551 rebe
555 484 665 566 ψύρον,
689 488 921 564 κροκωρλίοκανι
941 485 1054 562 χιλίας.
1075 478 1151 539 Patt.
1172 477 1256 539 Vlll.
1271 486 1304 541 d.

207 574 282 637 Sunt
296 582 394 635 autem
405 577 458 653 qui
469 558 646 645 eitsttmsm.
660 573 886 657 προβάλλεσθαι,
894 582 929 633 ut
940 571 1078 643 ιίιδίνειν,
1087 572 1303 646 ιίταγγίλλειν,

206 665 370 747 spicarias
383 676 442 727 ete.
458 666 496 725 de
509 666 718 729 criminalibus
730 664 907 738 actionibus,
918 672 1007 744 prout
1020 661 1192 722 seivilibns
1200 661 1307 721 distin·

206 773 348 841 guantur,
363 762 488 842 intelligi
503 762 620 825 debere.
662 764 743 823 lnter
756 780 833 841 quos
844 768 891 820 est
904 777 1027 838 magnos
1040 757 1180 817 Bndaeus.
1208 754 1305 836 [Διίιαι

206 854 277 943 ἴδιοι
292 864 322 915 et
335 854 467 933 δημόσιαι
481 875 530 915 ιτς
545 856 615 936 they
626 852 852 935 distinguished,
866 872 899 913 as
912 871 956 913 sve
968 850 1010 913 do
1020 848 1148 911 Aeliana
1160 847 1232 910 civil
1244 846 1304 909 and

208 947 369 1008 criminali
389 964 532 1007 nasson
546 949 575 1008 in
590 948 733 1025 schedis]

249 1038 466 1099 Liberalitatem
486 1040 563 1099 hano
580 1040 802 1112 Demosthenis,
816 1036 1111 1114 benevolentiamque
1124 1036 1154 1095 in
1166 1034 1304 1110 Tributn,

210 1148 315 1209 quase
332 1132 393 1209 ipae
416 1131 503 1205 ultro,
523 1132 638 1191 emteris
652 1130 856 1201 renuentibus,
871 1129 1019 1189 Lndorom
1034 1128 1208 1188 Centonem
1228 1126 1308 1188 desi·

210 1222 321 1301 gnavit,
337 1222 538 1283 honestissimo
553 1225 702 1301 praeconio
714 1222 882 1284 nobilitavit
893 1220 1117 1298 Populiscitom‚
1131 1219 1213 1296 quod
1226 1238 1308 1298 roga·

209 1314 252 1373 vit
266 1314 475 1385 Demochares,
489 1315 540 1374 uhi
554 1316 631 1377 inter
644 1326 751 1378 caetera
767 1312 891 1393 legitur:

209 1438 256 1477 κιι
271 1438 407 1479 sommas
423 1440 558 1480 ιιιιιιιτι
573 1436 712 1481 munaum
736 1440 792 1481 οτι
814 1402 1009 1481 memorias
1030 1438 1091 1477 ται
1111 1436 1306 1479 nasamone

210 1513 269 1553 'rot'
285 1514 418 1555 xoraraos
434 1516 574 1557 ΒΠΕΔΩΚΕ.
605 1525 628 1555 ιι.
639 1525 663 1555 τ.
673 1518 698 1555 λ.

211 1604 302 1673 Quod
315 1606 353 1665 ad
368 1606 492 1667 Midioen
504 1608 619 1680 attinet,
632 1619 694 1670 erat
706 1609 796 1669 homo
802 1606 924 1680 divitiis,
933 1607 1121 1679 auctoritate,
1131 1615 1161 1665 et
1171 1605 1307 1685 potentia

211 1699 292 1777 apud
305 1718 373 1760 suos
388 1700 510 1761 nobilis:
532 1702 768 1779 praetermodum
781 1700 1022 1772 contumeliosos,
1031 1707 1064 1758 nt
1073 1719 1110 1758 er
1120 1699 1177 1759 hoe
1188 1698 1308 1777 jndicio

211 1790 314 1868 liquet,
329 1801 360 1852 et
379 1792 543 1853 narratione
563 1793 650 1855 etiam
666 1795 777 1873 lepida,
792 1813 860 1872 qum
878 1792 958 1873 apud
975 1792 1136 1868 Diogenem
1159 1791 1307 1850 Laertinm

212 1892 308 1943 exstat
321 1883 350 1943 in
362 1885 423 1945 vita
439 1885 580 1963 Diogenis
593 1886 715 1965 Cynici:
736 1888 835 1945 Ἀλλιί
851 1889 897 1943 καί
910 1880 1027 1941 Μειδίου
1037 1882 1250 1948 κονδυλίσαντος
1261 1886 1310 1943 al-

212 1976 263 2035 τὸν
276 1976 466 2054 [Diogenem]
482 1981 527 2035 rai
546 1980 680 2042 εἰπόντος·
700 1977 869 2054 Τρισχίλιαί
890 1998 935 2034 σοι
950 1980 1054 2031 κεῖνται
1070 1971 1117 2029 int
1132 1977 1166 2051 τῇ
1178 1976 1308 2059 τρατὲζρ·

214 2072 247 2150 τῇ
262 2066 323 2137 ἑξῆς
336 2070 482 2133 πυκτικοὺς
494 2066 595 2140 λαβὼν
609 2070 740 2143 ἱμάντας,
754 2069 801 2123 καί
812 2070 992 2143 καταλοήσας
1006 2062 1166 2144 adalaida·
1185 2064 1307 2147 Τριοχί·

213 2160 278 2215 baal
291 2182 346 2219 aaa
359 2166 464 2219 κεῖνται
476 2160 522 2217 lari
534 2162 569 2235 τῇ
582 2160 711 2242 τραπέζῃ.
754 2156 905 2216 Credibile
922 2155 1048 2215 torneae
1067 2156 1245 2234 quibusdam
1262 2161 1306 2221 vi·

213 2248 277 2309 deri
292 2249 398 2327 possit,
412 2260 443 2309 et
456 2268 494 2309 ex
508 2250 564 2310 hac
578 2250 737 2319 historiola,
753 2258 785 2309 et
797 2268 834 2309 ex
847 2247 951 2326 pretio,
964 2268 1025 2326 quo
1038 2250 1173 2328 superine
1186 2270 1310 2314 cauam

212 2340 289 2401 hanc
315 2344 490 2421 transegisse
515 2344 730 2403 Demosthenes
757 2339 877 2413 dieitur,
903 2341 1020 2401 Talenti
1049 2342 1210 2416 dimidium,
1242 2346 1306 2406 aive

214 2448 303 2494 natat
316 2433 521 2496 drachmarum
534 2454 686 2507 summam,
701 2434 747 2495 vel
763 2434 828 2514 lege
839 2434 883 2495 vel
894 2433 1026 2495 moribus
1040 2434 1129 2496 luisse
1139 2436 1168 2495 in
1180 2436 1226 2496 his
1235 2456 1307 2500 eon-

214 2527 339 2588 tumeliis
357 2525 519 2588 definitam.
560 2528 686 2588 Perinde
706 2538 739 2587 ut
760 2529 790 2586 in
816 2529 940 2606 antiquo
955 2527 1024 2605 jure
1045 2528 1255 2605 Romanorum,
1275 2533 1306 2594 in
1426 2540 1432 2551 '

215 2638 325 2679 summa
339 2621 413 2680 Auri
423 2621 552 2694 raritate,
564 2622 757 2682 contumelias
770 2630 800 2680 et
813 2623 934 2680 verbera
948 2619 1109 2697 pauxillulo
1121 2641 1306 2684 nummorum

215 2711 408 2771 aestimabant.
450 2713 537 2774 Unde
556 2714 749 2774 homunculus
768 2715 847 2793 apud
863 2713 996 2773 Gellium
1010 2713 1079 2772 XX.
1093 2721 1123 2772 1.
1137 2714 1166 2772 iu
1181 2733 1212 2774 re
1226 2715 1307 2777 lauta
1417 2791 1420 2796 ¹

213 2803 337 2878 positus,
353 2803 455 2864 blidiae
470 2805 649 2866 consimilem
663 2804 763 2864 ludum
778 2807 882 2866 lusisse
891 2805 1012 2865 dicitur.
1053 2803 1180 2875 Οαὸιὶαιι
1194 2805 1308 2868 Lusias

217 2893 441 2975 iserniensem,
458 2899 578 2976 egregie
591 2897 673 2956 boma
687 2898 839 2976 improbas
850 2905 937 2976 atque
954 2898 1075 2956 immani
1087 2897 1232 2957 secordia.
1275 2901 1308 2960 Ιι

211 3005 270 3065 pro
283 2989 488 3050 delectamento
502 2990 624 3049 babebat
638 3009 670 3050 os
680 2989 806 3050 bominis
818 2989 907 3051 liberi
917 3009 1021 3049 ιιοιιιιι
1032 3007 1095 3048 suoe
1103 2992 1204 3067 palma
1215 2993 1309 3052 serbe·
1401 2975 1410 2988 ³

216 3097 292 3138 rare.
320 3081 400 3140 Ειιιιι
415 3081 522 3142 &roas
533 3082 713 3160 sequebatur,
724 3101 888 3142 οςιιικςιιαιιι
894 3081 1011 3161 plenam
1021 3082 1128 3140 assiam
1134 3085 1307 3159 partitam:

215 3179 243 3232 el
253 3192 443 3254 qaemnqtta
456 3174 678 3255 depalsaaoerat,
690 3178 840 3235 numerari
852 3176 954 3234 abalim
963 3173 1118 3235 naaman
1126 3173 1161 3234 X
1163 3175 1206 3235 11.
1218 3175 1308 3237 Tati.

215 3267 341 3346 quisque
353 3275 382 3327 et
395 3267 507 3346 pigritati
520 3287 596 3327 asses
604 3267 741 3345 jubebat.
782 3269 824 3328 Ut
838 3266 877 3327 ad
892 3266 1015 3325 Midian
1035 3273 1175 3337 revertar,
1194 3267 1311 3328 videtur

215 3377 252 3417 ex
263 3359 423 3420 Plutarcho
433 3357 502 3420 olim
513 3359 644 3420 adducto
658 3360 686 3419 in
700 3362 760 3420 vita
776 3358 994 3430 Demosthenis,
1008 3358 1145 3418 facundia
1156 3361 1309 3437 praecellu-

215 3451 283 3526 isse,
295 3471 458 3531 musasque
472 3452 632 3531 aliquando
645 3452 782 3531 publicas
794 3453 899 3531 egisse,
911 3461 945 3512 nt
954 3452 1048 3531 liquet
1058 3472 1094 3512 ex
1102 3450 1187 3512 initio
1196 3455 1310 3518 Andro.-

131 3541 138 3546 '
215 3543 313 3604 tianae.
354 3545 524 3605 Honoribus
537 3543 637 3605 multis
650 3545 680 3603 in
694 3545 770 3624 Rep.
784 3543 915 3614 hauctus,
930 3544 1019 3604 etiam
1035 3563 1073 3603 eo
1086 3544 1151 3622 ipso
1166 3552 1310 3624 tempora,

216 3655 277 3716 quo
290 3638 520 3698 Demosthenem
533 3637 691 3711 lacessivit,
703 3639 740 3714 (si
755 3638 885 3716 Ulpiano
899 3638 1056 3712 eredimus)
1068 3639 1229 3718 ἱππαρχίαν
1242 3661 1310 3719 ges·

216 3731 265 3798 sit,
280 3738 310 3788 et
324 3729 437 3790 militiae
448 3731 594 3809 equestris
608 3749 707 3790 eurem
723 3730 845 3800 habuit;
863 3729 942 3788 unde
956 3729 1005 3788 ins
1016 3730 1118 3808 aliqua
1131 3729 1200 3790 loeo
1210 3733 1311 3798 Orati.

216 3822 286 3880 onis
295 3821 446 3894 Mid'nnve,
462 3841 504 3883 sc.
513 3829 536 3898 ς.
550 3823 583 3892 ζ’.
597 3841 656 3882 non
670 3823 757 3902 plene
770 3823 869 3883 adhoc
878 3822 1039 3892 intellecto,
1052 3830 1092 3895 et,
1104 3823 1129 3882 si
1142 3824 1219 3885 hane
1232 3826 1310 3888 noti·

217 3913 288 3974 oum
309 3913 445 3974 Hominis
468 3914 619 3987 demseris,
643 3915 875 3988 subobscuriori‚
894 3913 1007 3974 effundi
1027 3915 1146 3992 poterit.
1186 3919 1308 3997 olymp,

217 4005 284 4065 ott.
300 4012 327 4066 l.
337 4003 376 4064 ad
387 4005 549 4068 Concilium
560 4005 838 4087 Amphictyouienm
852 4025 918 4066 eum
929 4014 1074 4083 potestate
1083 4007 1197 4081 missus,
1208 4011 1310 4073 AEseh.

214 4120 242 4163 e.
254 4095 489 4175 Ctesiphontem.
515 4099 749 4180 Thrasylochum
763 4099 882 4160 fratrem
897 4097 1009 4172 hahuit,
1019 4099 1216 4166 Demostheni
1231 4102 1310 4181 pasis

216 4200 263 4252 ter
275 4189 432 4260 infensum,
447 4197 479 4250 ot
492 4211 528 4250 ex
543 4192 610 4265 bac,
624 4205 654 4252 et
667 4192 709 4252 Il.
720 4211 751 4252 c.
766 4190 937 4269 Aphobum
949 4190 1081 4255 oratione
1093 4203 1218 4252 constat.
1260 4197 1311 4259 Αιι

215 4301 335 4345 cansam
360 4280 454 4358 egerit
480 4301 507 4342 c.
536 4283 715 4344 Phocionem
742 4285 789 4344 lai
814 4283 911 4347 Ξενίου
937 4282 1078 4366 ἄρχοντος
1105 4287 1160 4363 [sc.
1187 4283 1310 4367 Olymp.

217 4376 361 4437 cxvnt.
374 4373 419 4451 4.]
436 4382 469 4434 ut
486 4373 610 4435 affirmat
627 4377 801 4438 Plutarchus
815 4377 845 4434 in
863 4375 1026 4454 Hyperide,
1035 4377 1065 4435 id
1077 4376 1211 4455 prolecto
1224 4379 1313 4439 sebe-

218 4477 331 4532 menter
344 4467 475 4549 disputo.
516 4467 594 4529 Nam
613 4477 644 4530 et
665 4478 834 4530 constater
849 4468 1045 4542 'Auctorihon
1060 4488 1137 4548 quos
1149 4469 1237 4547 longe
1250 4487 1313 4531 sna·
