3042 4975
257 319 335 399 138
454 327 621 402 ΒΙΓΓΓΜ.
644 333 763 402 DISP.
786 330 849 401 DE
872 333 948 401 ΟΒ.
972 331 1154 402 DODON.

251 501 333 551 texta
344 513 479 566 expressae
492 497 635 552 difficultas
644 497 789 568 ejusmodi,
800 515 864 569 quse
874 514 930 553 non
945 514 1057 554 omnem
1068 499 1183 568 respuat
1193 499 1360 570 explicatio-

254 596 326 641 nem,
338 585 367 632 et
379 595 526 633 consonans
539 581 627 634 Codd.
665 580 748 633 Dicat
760 596 871 650 quoque
890 581 998 651 aliquia,
1014 583 1049 634 ab
1067 579 1129 650 ipsc
1139 581 1248 634 tclsolio
1259 574 1360 636 tirmari

254 661 400 714 lectionem
412 660 564 729 vulgatam:
582 662 699 730 repetito
710 661 786 715 enim
803 661 937 716 vocabulo
949 665 1128 733 παρηνέγκατε
1139 663 1252 717 additur
1260 665 1361 734 παρηλ-

252 745 319 808 θετε,
332 743 527 812 interpretandi
541 759 632 797 cauea.
670 743 746 808 Quid
764 749 856 798 tamen
869 746 892 798 si
903 745 950 798 illa
961 751 1004 798 est
1015 747 1110 814 ipsius,
1128 747 1205 816 quod
1224 763 1356 816 propono,

254 825 395 893 παρῆκατε,
415 825 580 892 explicati03
597 825 672 895 qaod
692 825 850 879 scholiastes
868 843 1014 896 perperam
1033 830 1178 896 repetierit
1197 845 1224 882 a*
1235 831 1358 898 rapient

255 905 411 974 cujusmodi
421 921 537 960 errorem
546 906 787 978 notatStepbanns
798 911 836 963 ad
846 923 944 963 vocem
957 912 1073 980 παρήια.
1083 909 1149 964 Vol.
1158 910 1182 964 Ι.
1191 927 1220 981 p.
1230 913 1309 966 loel.
1317 909 1357 964 D.

420 1074 476 1130 DE
494 1075 683 1132 ORACULO
703 1078 916 1134 DODONAEO
935 1079 1199 1137 Posunmortn.

758 1204 785 1256 p.
798 1185 843 1241 46.

292 1301 392 1360 Husun
404 1306 506 1360 oraculi
517 1305 626 1362 initiam
638 1311 746 1360 tantum
758 1307 907 1368 excutiam,
918 1307 993 1376 quod
1003 1308 1044 1361 sic
1053 1309 1138 1376 vulgo
1147 1305 1250 1361 curare

325 1387 354 1439 ‘0
369 1393 414 1440 τοῦ
428 1393 487 1452 Διὸς
498 1390 600 1458 σήμαιν’
617 1392 646 1442 ἐν
661 1389 779 1457 Δωδώνη·
815 1391 931 1458 Διονῦσῳ
949 1391 1081 1460 δημοτελιῖ
1095 1392 1184 1462 lepsiov
1196 1390 1303 1456 τἰλεων,
1314 1393 1358 1442 nd

293 1474 405 1538 κρατῆρα
420 1471 521 1540 κεράσαι
537 1473 587 1525 &c-

258 1547 316 1603 Hic
334 1549 389 1604 duo
409 1555 475 1606 sunt
494 1551 596 1620 quibus
613 1549 773 1606 offenderint
792 1551 880 1604 torma
895 1551 1049 1622 imperfecti
1064 1551 1173 1624 poetica
1189 1553 1292 1623 σήμαιν’
1309 1565 1358 1620 pro

258 1633 404 1701 ἐσήμαινεν,
416 1633 459 1687 ael
471 1633 563 1702 potius
581 1650 629 1702 pro
646 1633 772 1700 praesenti
783 1636 916 1702 σημαίνεις
933 1634 1033 1688 deinde
1050 1634 1174 1687 absentia
1185 1635 1270 1699 verbi,
1283 1632 1358 1686 undo

257 1714 378 1782 pendeat
395 1717 490 1784 ἱερεῖον.
530 1715 665 1784 Equidem
679 1715 707 1767 in
726 1714 773 1767 illo
791 1730 849 1768 non
867 1716 971 1780 laboro,
988 1721 1026 1782 et,
1047 1717 1113 1770 dnm
1130 1715 1243 1769 meliora
1262 1716 1359 1784 aliquis

258 1794 382 1861 edoceat,
394 1799 509 1865 αημαίνει
520 1799 549 1852 tv
560 1805 589 1850 Δ.
602 1812 666 1850 eum
678 1795 817 1849 nonnullis
828 1797 910 1851 oodd.
924 1798 1101 1853 scribendum
1113 1798 1218 1866 judico.
1255 1796 1304 1849 Ad
1315 1812 1360 1850 se-

258 1877 371 1944 quentia
382 1877 450 1932 nihil
462 1878 529 1930 dant
537 1877 625 1932 Codd.
638 1882 736 1947 praeter
749 1878 909 1932 varietatem
921 1881 1070 1949 δημοτελεῖν
1079 1879 1140 1950 (pro
1150 1878 1291 1950 dqporslri)
1301 1892 1359 1947 quo

258 1974 315 2012 reru
327 1959 431 2014 absolvi
442 1964 471 2013 et
482 1959 522 2014 sic
534 1951 629 2029 utiq'uo
641 1959 816 2015 scribendum
827 1977 888 2014 osse
895 1961 1006 2030 judicat
1017 1961 1148 2016 Reialsius
1157 1963 1185 2013 in
1197 1961 1297 2026 indice,
1308 1974 1360 2013 ne·
1427 2005 1440 2026 ,

259 2057 313 2112 que
323 2041 402 2094 aliter
412 2041 501 2094 locum
514 2042 617 2096 excitat
629 2039 785 2108 Stephanus
795 2042 825 2094 in
835 2042 920 2096 Thes.
934 2059 960 2096 v.
972 2046 1131 2113 δημοτελιῖν.
1167 2042 1230 2111 Ego
1241 2057 1297 2112 quo
1308 2041 1358 2094 mt-

259 2137 312 2176 nus
323 2121 376 2174 illis
390 2121 546 2187 assentiam,
559 2123 651 2174 obstat
665 2121 783 2190 primum
800 2123 862 2191 ipss
873 2139 930 2176 vox
948 2126 1105 2194 δηματελεῖν,
1123 2140 1208 2194 quam
1223 2139 1358 2194 numnam

259 2205 392 2270 praeterea
402 2217 544 2255 occurrere
554 2216 603 2268 pro
614 2207 688 2254 certo
696 2201 754 2254 foro
765 2205 875 2258 tradere
886 2205 989 2267 aurim3
1007 2221 1046 2258 ex
1055 2220 1111 2258 uno
1120 2206 1194 2258 enim
1203 2206 1258 2259 boc
1267 2210 1359 2259 nostro

259 2281 320 2336 loco
328 2281 356 2334 in
366 2281 497 2351 Stephani
504 2281 677 2336 Thesaurum
687 2287 717 2335 et
725 2282 789 2338 binc
801 2285 830 2338 in
838 2289 928 2338 cetera
937 2285 1031 2338 omnia
1039 2287 1167 2350 migravit
1177 2287 1280 2340 lexica.
1303 2285 1361 2342 Na·

259 2380 314 2434 que
326 2363 412 2418 simile
423 2365 482 2418 veri
494 2363 629 2432 ejusmodi
640 2379 747 2432 vocem,
767 2381 850 2435 quam
867 2365 1029 2420 rarissimam
1048 2365 1150 2443 saltem¹
1163 2383 1223 2421 esso
1241 2367 1362 2436 quilibet

260 2445 403 2512 concedet,
420 2445 456 2502 ab
475 2446 592 2517 antiquis
609 2445 661 2501 illia
673 2445 899 2519 Lexieograpbia
916 2448 1066 2518 Hesychia
1079 2449 1174 2514 Suida,
1185 2449 1360 2519 Etymoloqo,

260 2530 309 2600 qui
319 2534 412 2583 tamen
423 2530 554 2583 notiorem
571 2545 668 2583 vocem
687 2530 828 2601 δημοτελὴς
842 2547 938 2585 omnes
949 2532 1091 2596 exhibent,
1105 2531 1188 2601 plane
1198 2534 1362 2599 praetermis·

238 2652 243 2663 .
260 2628 319 2665 sam
331 2628 399 2665 esse.
428 2612 538 2667 Deinde
549 2612 617 2682 quid
628 2628 723 2683 qureao
732 2618 806 2666 esset
816 2614 966 2683 δημανελνῖν
978 2615 1084 2683 tepetovt
1101 2628 1137 2666 au
1145 2612 1257 2682 publico
1268 2618 1360 2670 sumtu

259 2692 419 2750 notitiolam
432 2694 537 2749 taceret
555 2698 583 2747 at
594 2697 682 2764 ἱερεῖον
694 2698 736 2749 ert
746 2693 860 2758 mous,
871 2709 928 2747 non
938 2694 1108 2765 sacrficium
1144 2694 1269 2749 Scribere
1278 2696 1361 2763 igitur

262 2775 383 2843 oportuit
393 2776 539 2847 dpperslstv
550 2778 603 2846 ἱερὰ
618 2776 715 2841 ritum
733 2790 797 2829 nam
813 2776 867 2846 aaa
879 2777 962 2830 τέλεια
976 2776 1120 2831 notissima
1130 2782 1206 2842 aaut,
1219 2770 1307 2848 ἱερεῖον
1322 2781 1362 2831 rt·

261 2860 341 2922 λεινν,
355 2859 428 2926 apud
447 2858 573 2927 antiquos
584 2861 667 2922 certo,
681 2873 738 2911 uon
750 2858 826 2912 item.
863 2858 908 2911 An
918 2858 958 2911 sio
970 2859 1054 2927 igitur
1064 2858 1242 2912 vertendum:
1258 2858 1361 2930 palliae

261 2948 349 2993 sumta
362 2938 493 2993 victimam
506 2940 623 3011 parare?
643 2945 672 2993 at
686 2939 815 3009 putidum
833 2938 977 2993 boc-Ne
995 2938 1102 2994 diutius
1120 2956 1211 2994 morer
1223 2940 1361 3011 lectorem,

261 3020 463 3091 quidsentiarm
480 3037 611 3092 promam.
647 3022 760 3077 Scilicet
776 3024 874 3077 ritem
891 3026 1053 3091 corruptum
1072 3024 1155 3078 oredo
1173 3040 1211 3077 ex
1226 3026 1319 3090 τελεῖν,
1332 3028 1363 3078 et

262 3104 394 3173 δηματιλεῑ
404 3104 508 3157 solenni
518 3104 594 3172 lapsu
606 3120 645 3157 ex
657 3105 798 3176 δηματελῆς
816 3104 919 3173 quibua
934 3104 1055 3175 aptanda
1065 3120 1120 3157 vox
1136 3106 1234 3174 ἱερεῖον,
1245 3104 1361 3172 legendo

261 3186 323 3257 ἱερά·
336 3186 461 3255 δημοτελῆ
472 3187 525 3255 lepd
536 3188 618 3239 τελεῖν
628 3189 685 3239 eat:
700 3183 806 3257 publico
821 3196 919 3252 Μῖνι,
935 3186 1039 3241 aoraias
1049 3185 1178 3241 asim
1189 3186 1310 3257 civitatum
1319 3204 1363 3241 ss-

262 3286 309 3323 oro
315 3266 420 3338 faeere.
456 3266 549 3323 Facile
561 3268 647 3333 videa,
659 3268 774 3321 rimulae
789 3284 935 3337 perperam
951 3268 1084 3338 scriptum
1102 3273 1175 3323 esset
1191 3270 1294 3335 τέλειον,
1307 3270 1362 3339 tepd
1394 3286 1403 3298 ·

263 3355 399 3406 mutatum
411 3364 471 3403 esse
482 3350 510 3401 in
521 3351 587 3419 ἱερὸν
597 3354 634 3413 et.
653 3350 784 3420 quoniam
795 3352 862 3421 ἱερὸν
875 3347 995 3416 (lanam)
1004 3350 1109 3404 'ritem
1119 3366 1229 3405 sensum
1240 3364 1364 3403 cummo-

264 3433 331 3489 dum
339 3448 396 3487 non
407 3431 501 3496 dabat,
512 3430 540 3484 in
552 3432 649 3499 ἱερεῖον.
678 3435 811 3502 Δημοτελῆ
822 3432 875 3501 lrpd
890 3446 934 3494 eo,
944 3447 1027 3500 quem
1037 3432 1119 3485 modo
1130 3431 1267 3500 proposui,
1278 3446 1363 3485 seusu
1385 3480 1392 3493 ,

263 3512 339 3568 diota
352 3531 412 3568 ease
427 3527 509 3567 nemo
524 3513 607 3565 credo
626 3512 771 3581 dubitabit,
786 3512 839 3565 etsi
857 3528 894 3565 ex
912 3509 1112 3583 antiquioribus
1124 3511 1282 3565 auctoribus
1299 3514 1363 3566 loos

262 3596 339 3651 nulla
350 3596 443 3651 afferre
458 3609 579 3665 possum.
615 3593 688 3647 Nam
701 3610 764 3663 qam
778 3594 880 3663 proteri
895 3594 1050 3664 Stephanus
1067 3595 1096 3647 in
1107 3594 1189 3648 Thes.
1202 3611 1240 3649 ex
1255 3594 1362 3649 Demo·

264 3760 457 3831 Xenophontis
465 3760 566 3825 locum,
576 3773 658 3828 quem
671 3756 774 3812 ibidem
782 3759 918 3827 indigitat,
928 3761 1051 3815 iuvenire
1062 3776 1117 3814 non
1125 3760 1212 3829 potui.
1241 3754 1363 3815 Lesico-

264 3844 361 3914 graphi
377 3846 468 3897 tamon
480 3839 596 3911 antiqui,
607 3840 656 3911 qui
667 3854 704 3893 ex
715 3842 807 3910 probis
817 3840 993 3909 scriptoribus
1004 3859 1055 3897 sus
1070 3843 1175 3896 haurire
1187 3848 1362 3912 consuerant,

264 3938 314 3995 pro
325 3938 370 3977 me
377 3924 490 3979 iaciunt.
502 3925 645 3994 δημοτελεῖς
655 3924 743 3993 ἑορτὰς
753 3922 837 3976 habet
844 3923 947 3978 Pollux
958 3922 1015 3979 1x.
1028 3928 1070 3978 10.
1081 3924 1112 3978 it.
1123 3924 1148 3979 1.
1156 3926 1361 3997 ³4.—Hesycb.

266 4005 392 4075 δημοτελῆ
403 4007 465 4076 itpd,
477 4008 511 4069 εἰς
521 4012 539 4059 d
551 4008 651 4075 θύματα
663 4006 788 4069 didunsvs'p
800 4007 886 4069 πόλις.
898 4007 1019 4076 δημοτικὰ
1030 4008 1056 4060 δὲ
1067 4012 1101 4070 sic
1111 3999 1129 4061 d
1139 4010 1163 4061 ol
1173 4009 1248 4079 δῆμον
1255 4008 1363 4077 (demi).

266 4084 331 4140 Hoc
343 4086 378 4139 de
390 4085 459 4140 lanis
470 4104 525 4143 non
537 4088 587 4142 nisi
599 4093 694 4142 coacte
706 4086 853 4141 admodum
865 4088 1015 4159 intelligas:
1028 4106 1056 4145 v.
1066 4090 1181 4145 Ruhnlr.
1193 4091 1222 4145 in
1233 4091 1362 4160 Append.

266 4164 389 4237 Hesych.
403 4168 438 4221 ad
457 4168 484 4223 b.
494 4186 520 4224 r.
555 4158 660 4223 Eadem
680 4168 734 4221 lore
749 4168 835 4222 habet
846 4168 1047 4242 Harpocration
1059 4172 1086 4228 la
1100 4189 1125 4228 a.
1136 4174 1194 4245 qui,
1204 4174 1287 4229 sicuti
1297 4189 1364 4228 oon-

207 4306 215 4319 „
266 4252 329 4321 stat,
339 4262 376 4302 ex
388 4246 506 4319 antiquis
517 4250 669 4305 oratoribus
679 4250 771 4305 omnia
782 4250 886 4307 sumsit.
1150 4254 1325 4313 Burruarur.
