<?xml version="1.0" encoding="UTF-8"?>
<!DOCTYPE html PUBLIC "-//W3C//DTD XHTML 1.0 Transitional//EN"
    "http://www.w3.org/TR/xhtml1/DTD/xhtml1-transitional.dtd">
<html xmlns="http://www.w3.org/1999/xhtml" xml:lang="en" lang="en">
 <head>
  <title>
</title>
<meta http-equiv="Content-Type" content="text/html;charset=utf-8" />
  <meta name='ocr-system' content='tesseract 3.04.00' />
  <meta name='ocr-capabilities' content='ocr_page ocr_carea ocr_par ocr_line ocrx_word'/>
</head>
<body>
  <div class='ocr_page' id='page_1' title='image "./demosthenisetsc04dupogoog_0149.png"; bbox 0 0 3042 4975; ppageno 0'>
   <div class='ocr_carea' id='block_1_1' title="bbox 483 315 1264 402">
    <p class='ocr_par' dir='ltr' id='par_1_1' title="bbox 483 315 1264 402">
     <span class='ocr_line' id='line_1_1' title="bbox 483 315 1264 402; baseline -0.003 -8"><span class='ocrx_word' id='word_1_1' title='bbox 483 326 547 394; x_wconf 87' lang='lat' dir='ltr'><strong>DE</strong></span> <span class='ocrx_word' id='word_1_2' title='bbox 569 327 736 396; x_wconf 83' lang='lat' dir='ltr'>ORACO.</span> <span class='ocrx_word' id='word_1_3' title='bbox 760 327 937 396; x_wconf 79' lang='lat' dir='ltr'><strong>bonon.</strong></span> <span class='ocrx_word' id='word_1_4' title='bbox 1187 315 1264 402; x_wconf 77' lang='grc'><strong>137</strong></span> 
     </span>
    </p>
   </div>
   <div class='ocr_carea' id='block_1_2' title="bbox 126 487 1266 807">
    <p class='ocr_par' dir='ltr' id='par_1_2' title="bbox 126 487 1266 807">
     <span class='ocr_line' id='line_1_2' title="bbox 165 487 1266 560; baseline 0.005 -18"><span class='ocrx_word' id='word_1_5' title='bbox 165 489 233 544; x_wconf 85' lang='lat' dir='ltr'><strong>rint.</strong></span> <span class='ocrx_word' id='word_1_6' title='bbox 262 487 362 560; x_wconf 82' lang='lat' dir='ltr'><strong>Neque</strong></span> <span class='ocrx_word' id='word_1_7' title='bbox 374 492 474 546; x_wconf 79' lang='lat' dir='ltr'><strong>mltum</strong></span> <span class='ocrx_word' id='word_1_8' title='bbox 483 489 572 543; x_wconf 84' lang='lat' dir='ltr'><strong>rideri</strong></span> <span class='ocrx_word' id='word_1_9' title='bbox 583 489 716 558; x_wconf 71' lang='lat' dir='ltr'><strong>potestat</strong></span> <span class='ocrx_word' id='word_1_10' title='bbox 727 489 832 546; x_wconf 87' lang='lat' dir='ltr'><strong>Diones</strong></span> <span class='ocrx_word' id='word_1_11' title='bbox 840 491 896 544; x_wconf 86' lang='lat' dir='ltr'><strong>tilia</strong></span> <span class='ocrx_word' id='word_1_12' title='bbox 905 489 967 559; x_wconf 82' lang='lat' dir='ltr'><strong>ipsa</strong></span> <span class='ocrx_word' id='word_1_13' title='bbox 977 505 1088 560; x_wconf 83' lang='lat' dir='ltr'><strong>qnoque</strong></span> <span class='ocrx_word' id='word_1_14' title='bbox 1099 490 1153 544; x_wconf 88' lang='lat' dir='ltr'><strong>dea</strong></span> <span class='ocrx_word' id='word_1_15' title='bbox 1164 495 1266 547; x_wconf 83' lang='lat' dir='ltr'><strong>amoris</strong></span> 
     </span>
     <span class='ocr_line' id='line_1_3' title="bbox 165 571 1266 641; baseline 0.004 -17"><span class='ocrx_word' id='word_1_16' title='bbox 165 576 211 624; x_wconf 87' lang='lat' dir='ltr'><strong>eat</strong></span> <span class='ocrx_word' id='word_1_17' title='bbox 221 571 322 626; x_wconf 88' lang='lat' dir='ltr'><strong>habita.</strong></span> <span class='ocrx_word' id='word_1_18' title='bbox 359 573 404 627; x_wconf 90' lang='lat' dir='ltr'><strong>Sic</strong></span> <span class='ocrx_word' id='word_1_19' title='bbox 420 572 544 628; x_wconf 89' lang='lat' dir='ltr'><strong>Metidos</strong></span> <span class='ocrx_word' id='word_1_20' title='bbox 562 571 616 625; x_wconf 84' lang='lat' dir='ltr'><strong>filia</strong></span> <span class='ocrx_word' id='word_1_21' title='bbox 627 572 842 635; x_wconf 58' lang='lat' dir='ltr'><strong>eratMinervaa</strong></span> <span class='ocrx_word' id='word_1_22' title='bbox 863 574 903 626; x_wconf 91' lang='lat' dir='ltr'><strong>sic</strong></span> <span class='ocrx_word' id='word_1_23' title='bbox 914 574 975 641; x_wconf 86' lang='lat' dir='ltr'><strong>ipsa</strong></span> <span class='ocrx_word' id='word_1_24' title='bbox 985 574 1154 636; x_wconf 85' lang='lat' dir='ltr'><strong>Graecorum,</strong></span> <span class='ocrx_word' id='word_1_25' title='bbox 1165 574 1266 628; x_wconf 85' lang='lat' dir='ltr'><strong>Helle·</strong></span> 
     </span>
     <span class='ocr_line' id='line_1_4' title="bbox 126 654 1265 734; baseline 0.005 -30"><span class='ocrx_word' id='word_1_26' title='bbox 126 719 134 734; x_wconf 40' lang='lat'><strong>.</strong></span> <span class='ocrx_word' id='word_1_27' title='bbox 163 665 233 706; x_wconf 83' lang='lat' dir='ltr'><strong>num</strong></span> <span class='ocrx_word' id='word_1_28' title='bbox 244 659 321 722; x_wconf 81' lang='lat' dir='ltr'><strong>puta,</strong></span> <span class='ocrx_word' id='word_1_29' title='bbox 330 657 571 726; x_wconf 75' lang='grc' dir='ltr'><strong><em>ἈφραδὶτηἘρωτα</em></strong></span> <span class='ocrx_word' id='word_1_30' title='bbox 582 654 696 724; x_wconf 88' lang='lat' dir='ltr'><strong>peperit.</strong></span> <span class='ocrx_word' id='word_1_31' title='bbox 716 655 756 708; x_wconf 85' lang='lat' dir='ltr'><strong>Et</strong></span> <span class='ocrx_word' id='word_1_32' title='bbox 766 655 893 708; x_wconf 88' lang='lat' dir='ltr'><strong>videntur</strong></span> <span class='ocrx_word' id='word_1_33' title='bbox 902 655 1007 723; x_wconf 86' lang='lat' dir='ltr'><strong>antiqui</strong></span> <span class='ocrx_word' id='word_1_34' title='bbox 1016 655 1132 724; x_wconf 74' lang='lat' dir='ltr'><strong>Pelasgi,</strong></span> <span class='ocrx_word' id='word_1_35' title='bbox 1138 674 1265 724; x_wconf 79' lang='lat' dir='ltr'><strong>asseram,</strong></span> 
     </span>
     <span class='ocr_line' id='line_1_5' title="bbox 163 735 1263 807; baseline 0.006 -23"><span class='ocrx_word' id='word_1_36' title='bbox 163 735 239 788; x_wconf 87' lang='lat' dir='ltr'><strong>sicut</strong></span> <span class='ocrx_word' id='word_1_37' title='bbox 250 743 394 806; x_wconf 81' lang='lat' dir='ltr'><strong>nostrates,</strong></span> <span class='ocrx_word' id='word_1_38' title='bbox 410 738 539 792; x_wconf 78' lang='lat' dir='ltr'><strong>feminino</strong></span> <span class='ocrx_word' id='word_1_39' title='bbox 550 736 685 790; x_wconf 85' lang='lat' dir='ltr'><strong>vocabulo</strong></span> <span class='ocrx_word' id='word_1_40' title='bbox 696 753 850 807; x_wconf 83' lang='lat' dir='ltr'><strong>usurpasse,</strong></span> <span class='ocrx_word' id='word_1_41' title='bbox 862 737 986 805; x_wconf 78' lang='lat' dir='ltr'><strong>adeoque</strong></span> <span class='ocrx_word' id='word_1_42' title='bbox 998 736 1088 800; x_wconf 85' lang='lat' dir='ltr'><strong>deam,</strong></span> <span class='ocrx_word' id='word_1_43' title='bbox 1097 753 1153 790; x_wconf 94' lang='lat' dir='ltr'><strong>non</strong></span> <span class='ocrx_word' id='word_1_44' title='bbox 1167 738 1263 805; x_wconf 83' lang='lat' dir='ltr'><strong>deum,</strong></span> 
     </span>
    </p>
   </div>
   <div class='ocr_carea' id='block_1_3' title="bbox 78 815 1224 884">
    <p class='ocr_par' dir='ltr' id='par_1_3' title="bbox 78 815 1224 884">
     <span class='ocr_line' id='line_1_6' title="bbox 78 815 1224 884; baseline 0.003 -14"><span class='ocrx_word' id='word_1_45' title='bbox 78 863 80 870; x_wconf 93' lang='lat'><em>.</em></span> <span class='ocrx_word' id='word_1_46' title='bbox 159 815 301 874; x_wconf 84' lang='lat' dir='ltr'><strong>habuisse.</strong></span> <span class='ocrx_word' id='word_1_47' title='bbox 345 851 351 866; x_wconf 84' lang='lat'><strong>·</strong></span> <span class='ocrx_word' id='word_1_48' title='bbox 1048 819 1224 884; x_wconf 72' lang='lat' dir='ltr'><strong>Burman.</strong></span> 
     </span>
    </p>
   </div>
   <div class='ocr_carea' id='block_1_4' title="bbox 82 1013 1282 3955">
    <p class='ocr_par' dir='ltr' id='par_1_4' title="bbox 82 1013 1282 3955">
     <span class='ocr_line' id='line_1_7' title="bbox 200 1013 1263 1085; baseline 0.002 -19"><span class='ocrx_word' id='word_1_49' title='bbox 200 1013 359 1085; x_wconf 77' lang='lat' dir='ltr'><strong>Antequam</strong></span> <span class='ocrx_word' id='word_1_50' title='bbox 379 1015 537 1070; x_wconf 85' lang='lat' dir='ltr'><strong>omittamus</strong></span> <span class='ocrx_word' id='word_1_51' title='bbox 553 1015 657 1070; x_wconf 85' lang='lat' dir='ltr'><strong>oraculi</strong></span> <span class='ocrx_word' id='word_1_52' title='bbox 674 1017 757 1085; x_wconf 90' lang='lat' dir='ltr'><strong>hujus</strong></span> <span class='ocrx_word' id='word_1_53' title='bbox 776 1015 979 1083; x_wconf 83' lang='lat' dir='ltr'><strong>tractationem,</strong></span> <span class='ocrx_word' id='word_1_54' title='bbox 995 1015 1078 1070; x_wconf 90' lang='lat' dir='ltr'><strong>liceat</strong></span> <span class='ocrx_word' id='word_1_55' title='bbox 1096 1014 1161 1068; x_wconf 90' lang='lat' dir='ltr'><strong>mihi</strong></span> <span class='ocrx_word' id='word_1_56' title='bbox 1176 1031 1263 1068; x_wconf 86' lang='lat' dir='ltr'><strong>unam</strong></span> 
     </span>
     <span class='ocr_line' id='line_1_8' title="bbox 159 1085 1263 1168; baseline 0.006 -24"><span class='ocrx_word' id='word_1_57' title='bbox 159 1094 248 1150; x_wconf 91' lang='lat' dir='ltr'><strong>etiam</strong></span> <span class='ocrx_word' id='word_1_58' title='bbox 264 1100 326 1165; x_wconf 85' lang='lat' dir='ltr'><strong>ejus</strong></span> <span class='ocrx_word' id='word_1_59' title='bbox 336 1101 460 1152; x_wconf 88' lang='lat' dir='ltr'><strong>voculam</strong></span> <span class='ocrx_word' id='word_1_60' title='bbox 471 1103 610 1163; x_wconf 81' lang='lat' dir='ltr'><strong>excutere,</strong></span> <span class='ocrx_word' id='word_1_61' title='bbox 621 1099 649 1150; x_wconf 85' lang='lat' dir='ltr'><strong>itt</strong></span> <span class='ocrx_word' id='word_1_62' title='bbox 660 1115 715 1168; x_wconf 90' lang='lat' dir='ltr'><strong>qua</strong></span> <span class='ocrx_word' id='word_1_63' title='bbox 727 1099 817 1152; x_wconf 88' lang='lat' dir='ltr'><strong>adhuc</strong></span> <span class='ocrx_word' id='word_1_64' title='bbox 829 1085 931 1153; x_wconf 78' lang='lat' dir='ltr'><strong>baereo.</strong></span> <span class='ocrx_word' id='word_1_65' title='bbox 969 1095 1020 1152; x_wconf 86' lang='lat' dir='ltr'><strong>Est</strong></span> <span class='ocrx_word' id='word_1_66' title='bbox 1032 1099 1103 1150; x_wconf 88' lang='lat' dir='ltr'><strong>eain</strong></span> <span class='ocrx_word' id='word_1_67' title='bbox 1115 1099 1205 1152; x_wconf 77' lang='lat' dir='ltr'><strong>inilior</strong></span> <span class='ocrx_word' id='word_1_68' title='bbox 1223 1100 1263 1151; x_wconf 79' lang='lat' dir='ltr'><strong>tra</strong></span> 
     </span>
     <span class='ocr_line' id='line_1_9' title="bbox 159 1180 1262 1252; baseline 0.003 -21"><span class='ocrx_word' id='word_1_69' title='bbox 159 1180 212 1240; x_wconf 75' lang='grc' dir='ltr'><strong>τὰς</strong></span> <span class='ocrx_word' id='word_1_70' title='bbox 224 1183 290 1250; x_wconf 78' lang='grc' dir='ltr'><strong><em>ὥρας</em></strong></span> <span class='ocrx_word' id='word_1_71' title='bbox 307 1184 324 1212; x_wconf 85' lang='lat'><strong><em>“</em></strong></span> <span class='ocrx_word' id='word_1_72' title='bbox 335 1181 525 1252; x_wconf 54' lang='lat' dir='ltr'><strong>rupqvtyrnr?</strong></span> <span class='ocrx_word' id='word_1_73' title='bbox 537 1188 584 1246; x_wconf 73' lang='grc' dir='ltr'><strong>τῆς</strong></span> <span class='ocrx_word' id='word_1_74' title='bbox 595 1185 687 1244; x_wconf 68' lang='grc' dir='ltr'><strong><em>θυσίας</em></strong></span> <span class='ocrx_word' id='word_1_75' title='bbox 698 1203 721 1236; x_wconf 83' lang='lat' dir='ltr'><strong>r.</strong></span> <span class='ocrx_word' id='word_1_76' title='bbox 734 1202 757 1235; x_wconf 87' lang='lat' dir='ltr'><strong>r.</strong></span> <span class='ocrx_word' id='word_1_77' title='bbox 770 1185 796 1234; x_wconf 86' lang='grc' dir='ltr'><strong>λ.</strong></span> <span class='ocrx_word' id='word_1_78' title='bbox 832 1181 897 1234; x_wconf 78' lang='lat' dir='ltr'><strong>Hoc</strong></span> <span class='ocrx_word' id='word_1_79' title='bbox 909 1181 970 1234; x_wconf 78' lang='lat' dir='ltr'><strong>loco</strong></span> <span class='ocrx_word' id='word_1_80' title='bbox 985 1187 1014 1234; x_wconf 82' lang='lat' dir='ltr'><strong>et</strong></span> <span class='ocrx_word' id='word_1_81' title='bbox 1025 1181 1163 1247; x_wconf 61' lang='lat' dir='ltr'><strong>Romilius,</strong></span> <span class='ocrx_word' id='word_1_82' title='bbox 1172 1181 1200 1232; x_wconf 85' lang='lat' dir='ltr'><strong>iu</strong></span> <span class='ocrx_word' id='word_1_83' title='bbox 1212 1181 1262 1236; x_wconf 86' lang='lat' dir='ltr'><strong>Iu·</strong></span> 
     </span>
     <span class='ocr_line' id='line_1_10' title="bbox 157 1258 1260 1336; baseline 0.006 -26"><span class='ocrx_word' id='word_1_84' title='bbox 157 1258 233 1324; x_wconf 86' lang='lat' dir='ltr'><strong>dice,</strong></span> <span class='ocrx_word' id='word_1_85' title='bbox 245 1267 273 1315; x_wconf 87' lang='lat' dir='ltr'><strong>et</strong></span> <span class='ocrx_word' id='word_1_86' title='bbox 284 1265 442 1334; x_wconf 66' lang='lat' dir='ltr'><strong>interpretes</strong></span> <span class='ocrx_word' id='word_1_87' title='bbox 459 1265 635 1334; x_wconf 74' lang='grc' dir='ltr'><strong>παρηνέγκατε</strong></span> <span class='ocrx_word' id='word_1_88' title='bbox 650 1268 760 1317; x_wconf 89' lang='lat' dir='ltr'><strong>vertunt</strong></span> <span class='ocrx_word' id='word_1_89' title='bbox 768 1264 979 1336; x_wconf 63' lang='lat' dir='ltr'><strong>praui-misitne</strong></span> <span class='ocrx_word' id='word_1_90' title='bbox 994 1266 1040 1331; x_wconf 88' lang='lat' dir='ltr'><strong>(eo</strong></span> <span class='ocrx_word' id='word_1_91' title='bbox 1055 1265 1126 1316; x_wconf 88' lang='lat' dir='ltr'><strong>enirn</strong></span> <span class='ocrx_word' id='word_1_92' title='bbox 1139 1263 1208 1317; x_wconf 91' lang='lat' dir='ltr'><strong>redit</strong></span> <span class='ocrx_word' id='word_1_93' title='bbox 1220 1264 1260 1317; x_wconf 88' lang='lat' dir='ltr'><strong>H.</strong></span> 
     </span>
     <span class='ocr_line' id='line_1_11' title="bbox 160 1335 1262 1415; baseline 0.004 -21"><span class='ocrx_word' id='word_1_94' title='bbox 160 1335 273 1398; x_wconf 76' lang='lat' dir='ltr'><strong>wolnii</strong></span> <span class='ocrx_word' id='word_1_95' title='bbox 300 1345 473 1400; x_wconf 83' lang='lat' dir='ltr'><strong>“sacranon</strong></span> <span class='ocrx_word' id='word_1_96' title='bbox 486 1347 647 1414; x_wconf 88' lang='lat' dir='ltr'><strong>intempore</strong></span> <span class='ocrx_word' id='word_1_97' title='bbox 663 1363 722 1399; x_wconf 84' lang='lat' dir='ltr'><strong>esse</strong></span> <span class='ocrx_word' id='word_1_98' title='bbox 733 1346 823 1399; x_wconf 85' lang='lat' dir='ltr'><strong>lacta&#39;’</strong></span> <span class='ocrx_word' id='word_1_99' title='bbox 840 1350 869 1399; x_wconf 84' lang='lat' dir='ltr'><strong>et</strong></span> <span class='ocrx_word' id='word_1_100' title='bbox 884 1345 987 1415; x_wconf 79' lang='lat' dir='ltr'><strong>Augeri</strong></span> <span class='ocrx_word' id='word_1_101' title='bbox 1010 1347 1028 1374; x_wconf 81' lang='lat'><strong>‘⁴</strong></span> <span class='ocrx_word' id='word_1_102' title='bbox 1040 1346 1079 1397; x_wconf 90' lang='lat' dir='ltr'><strong>les</strong></span> <span class='ocrx_word' id='word_1_103' title='bbox 1094 1345 1262 1398; x_wconf 80' lang='lat' dir='ltr'><strong>sacrifices-</strong></span> 
     </span>
     <span class='ocr_line' id='line_1_12' title="bbox 158 1419 1262 1498; baseline 0.003 -22"><span class='ocrx_word' id='word_1_104' title='bbox 158 1425 238 1478; x_wconf 85' lang='lat' dir='ltr'><strong>u&#39;ont</strong></span> <span class='ocrx_word' id='word_1_105' title='bbox 255 1443 304 1494; x_wconf 89' lang='lat' dir='ltr'><strong>pas</strong></span> <span class='ocrx_word' id='word_1_106' title='bbox 322 1425 367 1480; x_wconf 74' lang='lat' dir='ltr'><strong>tlh</strong></span> <span class='ocrx_word' id='word_1_107' title='bbox 380 1419 443 1481; x_wconf 81' lang='lat' dir='ltr'><strong>faits</strong></span> <span class='ocrx_word' id='word_1_108' title='bbox 454 1429 472 1482; x_wconf 80' lang='lat' dir='ltr'><strong>b</strong></span> <span class='ocrx_word' id='word_1_109' title='bbox 482 1428 591 1498; x_wconf 64' lang='lat' dir='ltr'><strong>tems.’7</strong></span> <span class='ocrx_word' id='word_1_110' title='bbox 602 1427 669 1482; x_wconf 88' lang='lat' dir='ltr'><strong>nibil</strong></span> <span class='ocrx_word' id='word_1_111' title='bbox 685 1429 782 1482; x_wconf 88' lang='lat' dir='ltr'><strong>morati</strong></span> <span class='ocrx_word' id='word_1_112' title='bbox 798 1429 971 1481; x_wconf 89' lang='lat' dir='ltr'><strong>insolentiam</strong></span> <span class='ocrx_word' id='word_1_113' title='bbox 988 1441 1085 1480; x_wconf 92' lang='lat' dir='ltr'><strong>sensns</strong></span> <span class='ocrx_word' id='word_1_114' title='bbox 1101 1421 1165 1478; x_wconf 86' lang='lat' dir='ltr'><strong>huic</strong></span> <span class='ocrx_word' id='word_1_115' title='bbox 1181 1442 1262 1479; x_wconf 87' lang='lat' dir='ltr'><strong>voca·</strong></span> 
     </span>
     <span class='ocr_line' id='line_1_13' title="bbox 159 1502 1263 1581; baseline 0 -23"><span class='ocrx_word' id='word_1_116' title='bbox 159 1502 228 1560; x_wconf 89' lang='lat' dir='ltr'><strong>bulo</strong></span> <span class='ocrx_word' id='word_1_117' title='bbox 239 1507 343 1562; x_wconf 89' lang='lat' dir='ltr'><strong>tributi.</strong></span> <span class='ocrx_word' id='word_1_118' title='bbox 372 1508 490 1572; x_wconf 80' lang='lat' dir='ltr'><strong>Quando</strong></span> <span class='ocrx_word' id='word_1_119' title='bbox 499 1510 572 1562; x_wconf 86' lang='lat' dir='ltr'><strong>enim</strong></span> <span class='ocrx_word' id='word_1_120' title='bbox 582 1525 702 1578; x_wconf 84' lang='lat' dir='ltr'><strong>nnqnanr</strong></span> <span class='ocrx_word' id='word_1_121' title='bbox 713 1511 866 1581; x_wconf 68' lang='grc' dir='ltr'><strong><em>παραφέρειν</em></strong></span> <span class='ocrx_word' id='word_1_122' title='bbox 875 1506 1263 1580; x_wconf 79' lang='lat' dir='ltr'><strong>significavitproetermittsrat</strong></span> 
     </span>
     <span class='ocr_line' id='line_1_14' title="bbox 158 1587 1265 1657; baseline 0.001 -17"><span class='ocrx_word' id='word_1_123' title='bbox 158 1587 315 1657; x_wconf 77' lang='lat' dir='ltr'><strong>Stephanus</strong></span> <span class='ocrx_word' id='word_1_124' title='bbox 326 1591 354 1645; x_wconf 88' lang='lat' dir='ltr'><strong>in</strong></span> <span class='ocrx_word' id='word_1_125' title='bbox 365 1591 508 1644; x_wconf 76' lang='lat' dir='ltr'><strong>Thesauro</strong></span> <span class='ocrx_word' id='word_1_126' title='bbox 520 1593 554 1644; x_wconf 89' lang='lat' dir='ltr'><strong>ad</strong></span> <span class='ocrx_word' id='word_1_127' title='bbox 566 1592 636 1644; x_wconf 88' lang='lat' dir='ltr'><strong>hauc</strong></span> <span class='ocrx_word' id='word_1_128' title='bbox 647 1607 742 1645; x_wconf 90' lang='lat' dir='ltr'><strong>vocem</strong></span> <span class='ocrx_word' id='word_1_129' title='bbox 756 1593 809 1646; x_wconf 86' lang='lat' dir='ltr'><strong>loci</strong></span> <span class='ocrx_word' id='word_1_130' title='bbox 826 1593 909 1644; x_wconf 90' lang='lat' dir='ltr'><strong>nostri</strong></span> <span class='ocrx_word' id='word_1_131' title='bbox 923 1607 977 1644; x_wconf 92' lang='lat' dir='ltr'><strong>non</strong></span> <span class='ocrx_word' id='word_1_132' title='bbox 991 1589 1125 1654; x_wconf 81' lang='lat' dir='ltr'><strong>meminit,</strong></span> <span class='ocrx_word' id='word_1_133' title='bbox 1136 1605 1199 1641; x_wconf 90' lang='lat' dir='ltr'><strong>cnm</strong></span> <span class='ocrx_word' id='word_1_134' title='bbox 1211 1589 1265 1642; x_wconf 80' lang='lat' dir='ltr'><strong>tle-</strong></span> 
     </span>
     <span class='ocr_line' id='line_1_15' title="bbox 160 1661 1264 1742; baseline 0.002 -20"><span class='ocrx_word' id='word_1_135' title='bbox 160 1661 379 1739; x_wconf 80' lang='lat' dir='ltr'><strong>qnenscetemm</strong></span> <span class='ocrx_word' id='word_1_136' title='bbox 393 1673 426 1725; x_wconf 88' lang='lat' dir='ltr'><strong>ait</strong></span> <span class='ocrx_word' id='word_1_137' title='bbox 438 1675 513 1742; x_wconf 91' lang='lat' dir='ltr'><strong>apud</strong></span> <span class='ocrx_word' id='word_1_138' title='bbox 525 1688 588 1726; x_wconf 87' lang='lat' dir='ltr'><strong>eum</strong></span> <span class='ocrx_word' id='word_1_139' title='bbox 601 1671 735 1727; x_wconf 79' lang='lat' dir='ltr'><strong>Midianae</strong></span> <span class='ocrx_word' id='word_1_140' title='bbox 748 1675 859 1728; x_wconf 90' lang='lat' dir='ltr'><strong>mentio.</strong></span> <span class='ocrx_word' id='word_1_141' title='bbox 878 1671 1012 1727; x_wconf 83' lang='lat' dir='ltr'><strong>Attamen</strong></span> <span class='ocrx_word' id='word_1_142' title='bbox 1023 1673 1070 1725; x_wconf 92' lang='lat' dir='ltr'><strong>ille</strong></span> <span class='ocrx_word' id='word_1_143' title='bbox 1082 1687 1145 1726; x_wconf 86' lang='lat' dir='ltr'><strong>cnm</strong></span> <span class='ocrx_word' id='word_1_144' title='bbox 1156 1671 1264 1738; x_wconf 67' lang='lat' dir='ltr'><strong>Bndpo</strong></span> 
     </span>
     <span class='ocr_line' id='line_1_16' title="bbox 159 1753 1266 1824; baseline 0.003 -21"><span class='ocrx_word' id='word_1_145' title='bbox 159 1767 271 1806; x_wconf 89' lang='lat' dir='ltr'><strong>sensum</strong></span> <span class='ocrx_word' id='word_1_146' title='bbox 285 1755 409 1822; x_wconf 82' lang='lat' dir='ltr'><strong>agnoscit</strong></span> <span class='ocrx_word' id='word_1_147' title='bbox 419 1756 557 1818; x_wconf 75' lang='lat' dir='ltr'><strong>vocabuli,</strong></span> <span class='ocrx_word' id='word_1_148' title='bbox 568 1755 642 1818; x_wconf 87' lang='lat' dir='ltr'><strong>huic,</strong></span> <span class='ocrx_word' id='word_1_149' title='bbox 651 1771 734 1824; x_wconf 89' lang='lat' dir='ltr'><strong>quem</strong></span> <span class='ocrx_word' id='word_1_150' title='bbox 744 1755 821 1809; x_wconf 88' lang='lat' dir='ltr'><strong>locus</strong></span> <span class='ocrx_word' id='word_1_151' title='bbox 831 1756 924 1824; x_wconf 87' lang='lat' dir='ltr'><strong>poscit</strong></span> <span class='ocrx_word' id='word_1_152' title='bbox 935 1759 1037 1817; x_wconf 91' lang='lat' dir='ltr'><strong>noster,</strong></span> <span class='ocrx_word' id='word_1_153' title='bbox 1046 1753 1163 1807; x_wconf 82' lang='lat' dir='ltr'><strong>affinem.</strong></span> <span class='ocrx_word' id='word_1_154' title='bbox 1182 1757 1201 1784; x_wconf 88' lang='lat'>“</span> <span class='ocrx_word' id='word_1_155' title='bbox 1210 1754 1266 1806; x_wconf 87' lang='lat' dir='ltr'><strong>Po-</strong></span> 
     </span>
     <span class='ocr_line' id='line_1_17' title="bbox 158 1831 1264 1908; baseline 0.001 -22"><span class='ocrx_word' id='word_1_156' title='bbox 158 1833 253 1887; x_wconf 67' lang='grc' dir='ltr'><strong>ιιίῐιιπυ</strong></span> <span class='ocrx_word' id='word_1_157' title='bbox 262 1835 352 1905; x_wconf 90' lang='lat' dir='ltr'><strong>inquit</strong></span> <span class='ocrx_word' id='word_1_158' title='bbox 370 1839 388 1866; x_wconf 87' lang='lat'><strong>“</strong></span> <span class='ocrx_word' id='word_1_159' title='bbox 400 1851 449 1904; x_wconf 91' lang='lat' dir='ltr'><strong>pro</strong></span> <span class='ocrx_word' id='word_1_160' title='bbox 460 1846 588 1906; x_wconf 77' lang='lat' dir='ltr'><strong>pretereo</strong></span> <span class='ocrx_word' id='word_1_161' title='bbox 601 1851 638 1889; x_wconf 89' lang='lat' dir='ltr'><strong>ox</strong></span> <span class='ocrx_word' id='word_1_162' title='bbox 651 1835 782 1905; x_wconf 89' lang='lat' dir='ltr'><strong>Xenoph.</strong></span> <span class='ocrx_word' id='word_1_163' title='bbox 799 1837 834 1889; x_wconf 90' lang='lat' dir='ltr'><strong>de</strong></span> <span class='ocrx_word' id='word_1_164' title='bbox 851 1837 942 1905; x_wconf 88' lang='lat' dir='ltr'><strong>lepore</strong></span> <span class='ocrx_word' id='word_1_165' title='bbox 953 1834 1096 1908; x_wconf 84' lang='lat' dir='ltr'><strong>currento&#39;&#39;</strong></span> <span class='ocrx_word' id='word_1_166' title='bbox 1105 1831 1159 1903; x_wconf 83' lang='lat' dir='ltr'><strong>(est</strong></span> <span class='ocrx_word' id='word_1_167' title='bbox 1170 1838 1264 1887; x_wconf 89' lang='lat' dir='ltr'><strong>antem</strong></span> 
     </span>
     <span class='ocr_line' id='line_1_18' title="bbox 159 1913 1262 1988; baseline 0.002 -20"><span class='ocrx_word' id='word_1_168' title='bbox 159 1913 196 1969; x_wconf 79' lang='lat' dir='ltr'><strong>de</strong></span> <span class='ocrx_word' id='word_1_169' title='bbox 209 1917 363 1970; x_wconf 72' lang='lat' dir='ltr'><strong>venatione</strong></span> <span class='ocrx_word' id='word_1_170' title='bbox 375 1935 405 1986; x_wconf 88' lang='lat' dir='ltr'><strong>p.</strong></span> <span class='ocrx_word' id='word_1_171' title='bbox 413 1919 477 1982; x_wconf 73' lang='lat'>982.</span> <span class='ocrx_word' id='word_1_172' title='bbox 491 1915 540 1982; x_wconf 75' lang='grc' dir='ltr'><strong>Α.)</strong></span> <span class='ocrx_word' id='word_1_173' title='bbox 557 1921 574 1948; x_wconf 85' lang='grc'>“</span> <span class='ocrx_word' id='word_1_174' title='bbox 584 1921 626 1970; x_wconf 82' lang='lat' dir='ltr'><strong>rai</strong></span> <span class='ocrx_word' id='word_1_175' title='bbox 643 1920 659 1982; x_wconf 81' lang='grc' dir='ltr'><em>ἡ</em></span> <span class='ocrx_word' id='word_1_176' title='bbox 676 1919 788 1970; x_wconf 70' lang='lat' dir='ltr'><strong>moderin</strong></span> <span class='ocrx_word' id='word_1_177' title='bbox 803 1924 869 1988; x_wconf 81' lang='grc' dir='ltr'><strong><em>πρὸς</em></strong></span> <span class='ocrx_word' id='word_1_178' title='bbox 880 1921 910 1972; x_wconf 78' lang='lat' dir='ltr'><strong>rd</strong></span> <span class='ocrx_word' id='word_1_179' title='bbox 927 1917 1097 1987; x_wconf 77' lang='grc' dir='ltr'>ἀμβλυωπεῖν</span> <span class='ocrx_word' id='word_1_180' title='bbox 1108 1919 1179 1984; x_wconf 72' lang='grc' dir='ltr'><strong><em>αὐτῷ</em></strong></span> <span class='ocrx_word' id='word_1_181' title='bbox 1195 1917 1262 1970; x_wconf 68' lang='lat' dir='ltr'><strong>vrohi</strong></span> 
     </span>
     <span class='ocr_line' id='line_1_19' title="bbox 160 1999 1262 2070; baseline 0.004 -21"><span class='ocrx_word' id='word_1_182' title='bbox 160 1999 348 2065; x_wconf 77' lang='grc' dir='ltr'><strong><em>συμβάλλεται.</em></strong></span> <span class='ocrx_word' id='word_1_183' title='bbox 365 2005 432 2067; x_wconf 79' lang='grc' dir='ltr'><strong><em>παχὺ</em></strong></span> <span class='ocrx_word' id='word_1_184' title='bbox 449 2003 497 2068; x_wconf 82' lang='grc' dir='ltr'><strong>γὰρ</strong></span> <span class='ocrx_word' id='word_1_185' title='bbox 509 1999 631 2052; x_wconf 77' lang='grc' dir='ltr'>ἐκάστου”</span> <span class='ocrx_word' id='word_1_186' title='bbox 649 2000 785 2070; x_wconf 77' lang='grc' dir='ltr'><strong>παραφέρει</strong></span> <span class='ocrx_word' id='word_1_187' title='bbox 802 2003 820 2030; x_wconf 84' lang='grc'><strong>“</strong></span> <span class='ocrx_word' id='word_1_188' title='bbox 832 2004 882 2065; x_wconf 74' lang='grc' dir='ltr'><strong>τὴν</strong></span> <span class='ocrx_word' id='word_1_189' title='bbox 898 2000 958 2068; x_wconf 65' lang='grc' dir='ltr'><strong><em>ὄψιν</em></strong></span> <span class='ocrx_word' id='word_1_190' title='bbox 973 2001 1035 2068; x_wconf 68' lang='grc' dir='ltr'><strong><em>πρὶν</em></strong></span> <span class='ocrx_word' id='word_1_191' title='bbox 1053 1999 1145 2059; x_wconf 77' lang='grc' dir='ltr'><strong><em>νοῆσαι</em></strong></span> <span class='ocrx_word' id='word_1_192' title='bbox 1159 2001 1186 2050; x_wconf 80' lang='lat' dir='ltr'><strong>ri</strong></span> <span class='ocrx_word' id='word_1_193' title='bbox 1199 1999 1262 2053; x_wconf 73' lang='grc' dir='ltr'><strong><em>ἔστι.</em></strong></span> 
     </span>
     <span class='ocr_line' id='line_1_20' title="bbox 159 2079 1262 2152; baseline 0.003 -20"><span class='ocrx_word' id='word_1_194' title='bbox 159 2079 196 2132; x_wconf 90' lang='lat' dir='ltr'><strong>ld</strong></span> <span class='ocrx_word' id='word_1_195' title='bbox 210 2086 260 2144; x_wconf 89' lang='lat' dir='ltr'><strong>est,</strong></span> <span class='ocrx_word' id='word_1_196' title='bbox 271 2080 378 2150; x_wconf 84' lang='lat' dir='ltr'><strong>iuqult&#39;&#39;</strong></span> <span class='ocrx_word' id='word_1_197' title='bbox 387 2079 536 2152; x_wconf 76' lang='lat' dir='ltr'><strong>(Budaeus)</strong></span> <span class='ocrx_word' id='word_1_198' title='bbox 553 2087 571 2111; x_wconf 80' lang='lat'><strong>‘⁸</strong></span> <span class='ocrx_word' id='word_1_199' title='bbox 581 2081 1057 2148; x_wconf 76' lang='lat' dir='ltr'><strong>Praetcrgreditur‚Praeterlahitur.”</strong></span> <span class='ocrx_word' id='word_1_200' title='bbox 1092 2081 1156 2144; x_wconf 84' lang='lat' dir='ltr'><strong>Quo</strong></span> <span class='ocrx_word' id='word_1_201' title='bbox 1166 2085 1262 2135; x_wconf 85' lang='lat' dir='ltr'><strong>autent</strong></span> 
     </span>
     <span class='ocr_line' id='line_1_21' title="bbox 154 2160 1261 2232; baseline 0.003 -19"><span class='ocrx_word' id='word_1_202' title='bbox 154 2161 220 2227; x_wconf 90' lang='lat' dir='ltr'><strong>jure</strong></span> <span class='ocrx_word' id='word_1_203' title='bbox 232 2161 260 2214; x_wconf 90' lang='lat' dir='ltr'><strong>ln</strong></span> <span class='ocrx_word' id='word_1_204' title='bbox 274 2163 325 2214; x_wconf 91' lang='lat' dir='ltr'><strong>hoc</strong></span> <span class='ocrx_word' id='word_1_205' title='bbox 336 2166 404 2229; x_wconf 84' lang='lat' dir='ltr'><strong>loco,</strong></span> <span class='ocrx_word' id='word_1_206' title='bbox 415 2179 497 2232; x_wconf 90' lang='lat' dir='ltr'><strong>quem</strong></span> <span class='ocrx_word' id='word_1_207' title='bbox 510 2163 598 2218; x_wconf 86' lang='lat' dir='ltr'><strong>solum</strong></span> <span class='ocrx_word' id='word_1_208' title='bbox 611 2161 692 2228; x_wconf 88' lang='lat' dir='ltr'><strong>hujus</strong></span> <span class='ocrx_word' id='word_1_209' title='bbox 706 2178 802 2215; x_wconf 87' lang='lat' dir='ltr'><strong>sensns</strong></span> <span class='ocrx_word' id='word_1_210' title='bbox 819 2166 917 2214; x_wconf 83' lang='lat' dir='ltr'><strong>testem</strong></span> <span class='ocrx_word' id='word_1_211' title='bbox 935 2161 1030 2223; x_wconf 77' lang='lat' dir='ltr'><strong>nitunt,</strong></span> <span class='ocrx_word' id='word_1_212' title='bbox 1047 2160 1098 2214; x_wconf 90' lang='lat' dir='ltr'><strong>sibi</strong></span> <span class='ocrx_word' id='word_1_213' title='bbox 1114 2174 1261 2228; x_wconf 78' lang='lat' dir='ltr'><strong>agnoscere</strong></span> 
     </span>
     <span class='ocr_line' id='line_1_22' title="bbox 157 2241 1260 2313; baseline 0.004 -18"><span class='ocrx_word' id='word_1_214' title='bbox 157 2245 303 2297; x_wconf 86' lang='lat' dir='ltr'><strong>videantur</strong></span> <span class='ocrx_word' id='word_1_215' title='bbox 312 2245 435 2298; x_wconf 83' lang='lat' dir='ltr'><strong>Bndaeus</strong></span> <span class='ocrx_word' id='word_1_216' title='bbox 444 2241 635 2312; x_wconf 76' lang='lat' dir='ltr'><strong>ctSlephanus</strong></span> <span class='ocrx_word' id='word_1_217' title='bbox 645 2243 715 2296; x_wconf 90' lang='lat' dir='ltr'><strong>hanc</strong></span> <span class='ocrx_word' id='word_1_218' title='bbox 727 2243 857 2295; x_wconf 76' lang='lat' dir='ltr'><strong>vocabuli</strong></span> <span class='ocrx_word' id='word_1_219' title='bbox 870 2243 934 2308; x_wconf 88' lang='lat' dir='ltr'><strong>vim,</strong></span> <span class='ocrx_word' id='word_1_220' title='bbox 946 2243 1074 2313; x_wconf 87' lang='lat' dir='ltr'><strong>equidem</strong></span> <span class='ocrx_word' id='word_1_221' title='bbox 1084 2259 1129 2295; x_wconf 90' lang='lat' dir='ltr'><strong>me</strong></span> <span class='ocrx_word' id='word_1_222' title='bbox 1138 2244 1260 2312; x_wconf 78' lang='lat' dir='ltr'><strong>ignorare</strong></span> 
     </span>
     <span class='ocr_line' id='line_1_23' title="bbox 156 2322 1260 2394; baseline 0.001 -16"><span class='ocrx_word' id='word_1_223' title='bbox 156 2325 254 2378; x_wconf 81' lang='lat' dir='ltr'><strong>fateor.</strong></span> <span class='ocrx_word' id='word_1_224' title='bbox 288 2325 469 2378; x_wconf 82' lang='lat' dir='ltr'><strong>Leonclarius</strong></span> <span class='ocrx_word' id='word_1_225' title='bbox 480 2323 590 2394; x_wconf 89' lang='lat' dir='ltr'><strong>quidem</strong></span> <span class='ocrx_word' id='word_1_226' title='bbox 603 2335 667 2376; x_wconf 86' lang='lat' dir='ltr'><strong>oum</strong></span> <span class='ocrx_word' id='word_1_227' title='bbox 678 2322 712 2378; x_wconf 90' lang='lat' dir='ltr'><strong>iis</strong></span> <span class='ocrx_word' id='word_1_228' title='bbox 724 2338 780 2376; x_wconf 91' lang='lat' dir='ltr'><strong>non</strong></span> <span class='ocrx_word' id='word_1_229' title='bbox 790 2322 865 2389; x_wconf 84' lang='lat' dir='ltr'><strong>lacit,</strong></span> <span class='ocrx_word' id='word_1_230' title='bbox 874 2324 914 2377; x_wconf 91' lang='lat' dir='ltr'><strong>ita</strong></span> <span class='ocrx_word' id='word_1_231' title='bbox 924 2325 1042 2383; x_wconf 78' lang='lat' dir='ltr'><strong>reddens</strong></span> <span class='ocrx_word' id='word_1_232' title='bbox 1053 2323 1143 2377; x_wconf 85' lang='lat' dir='ltr'><strong>locum</strong></span> <span class='ocrx_word' id='word_1_233' title='bbox 1156 2332 1260 2394; x_wconf 68' lang='grc' dir='ltr'><strong><em>ταχῦ-</em></strong></span> 
     </span>
     <span class='ocr_line' id='line_1_24' title="bbox 156 2401 1263 2479; baseline 0.002 -19"><span class='ocrx_word' id='word_1_234' title='bbox 156 2411 228 2462; x_wconf 79' lang='lat' dir='ltr'><strong>irrt:</strong></span> <span class='ocrx_word' id='word_1_235' title='bbox 247 2407 348 2460; x_wconf 86' lang='lat' dir='ltr'><strong>“Nam</strong></span> <span class='ocrx_word' id='word_1_236' title='bbox 361 2407 485 2462; x_wconf 85' lang='lat' dir='ltr'><strong>celeriter</strong></span> <span class='ocrx_word' id='word_1_237' title='bbox 497 2409 532 2460; x_wconf 91' lang='lat' dir='ltr'><strong>ab</strong></span> <span class='ocrx_word' id='word_1_238' title='bbox 548 2404 657 2473; x_wconf 86' lang='lat' dir='ltr'><strong>objecto</strong></span> <span class='ocrx_word' id='word_1_239' title='bbox 669 2401 767 2475; x_wconf 88' lang='lat' dir='ltr'><strong>quovis</strong></span> <span class='ocrx_word' id='word_1_240' title='bbox 778 2407 873 2459; x_wconf 88' lang='lat' dir='ltr'><strong>oculos</strong></span> <span class='ocrx_word' id='word_1_241' title='bbox 889 2407 962 2476; x_wconf 89' lang='lat' dir='ltr'><strong>prlus</strong></span> <span class='ocrx_word' id='word_1_242' title='bbox 978 2407 1084 2472; x_wconf 70' lang='lat' dir='ltr'><strong>mntit,</strong></span> <span class='ocrx_word' id='word_1_243' title='bbox 1098 2423 1181 2476; x_wconf 88' lang='lat' dir='ltr'><strong>quam</strong></span> <span class='ocrx_word' id='word_1_244' title='bbox 1193 2409 1263 2479; x_wconf 89' lang='lat' dir='ltr'><strong>qnid</strong></span> 
     </span>
     <span class='ocr_line' id='line_1_25' title="bbox 156 2489 1261 2559; baseline 0 -16"><span class='ocrx_word' id='word_1_245' title='bbox 156 2490 202 2554; x_wconf 82' lang='lat' dir='ltr'><strong>ait,</strong></span> <span class='ocrx_word' id='word_1_246' title='bbox 224 2491 448 2545; x_wconf 66' lang='lat' dir='ltr'><strong>animaduertatJ&#39;</strong></span> <span class='ocrx_word' id='word_1_247' title='bbox 488 2490 611 2543; x_wconf 83' lang='lat' dir='ltr'><strong>Tantum</strong></span> <span class='ocrx_word' id='word_1_248' title='bbox 633 2494 706 2542; x_wconf 91' lang='lat' dir='ltr'><strong>certe</strong></span> <span class='ocrx_word' id='word_1_249' title='bbox 728 2489 880 2558; x_wconf 75' lang='lat' dir='ltr'><strong>intelligere</strong></span> <span class='ocrx_word' id='word_1_250' title='bbox 900 2490 968 2543; x_wconf 90' lang='lat' dir='ltr'><strong>mihi</strong></span> <span class='ocrx_word' id='word_1_251' title='bbox 988 2490 1097 2544; x_wconf 89' lang='lat' dir='ltr'><strong>videor:</strong></span> <span class='ocrx_word' id='word_1_252' title='bbox 1126 2490 1261 2559; x_wconf 84' lang='lat' dir='ltr'><strong>Budaeus,</strong></span> 
     </span>
     <span class='ocr_line' id='line_1_26' title="bbox 157 2570 1261 2641; baseline 0 -16"><span class='ocrx_word' id='word_1_253' title='bbox 157 2588 279 2641; x_wconf 89' lang='lat' dir='ltr'><strong>cumque</strong></span> <span class='ocrx_word' id='word_1_254' title='bbox 291 2570 501 2641; x_wconf 61' lang='lat' dir='ltr'><strong>eo&#39;Slephanua,</strong></span> <span class='ocrx_word' id='word_1_255' title='bbox 515 2572 628 2625; x_wconf 83' lang='lat' dir='ltr'><strong>tortasse</strong></span> <span class='ocrx_word' id='word_1_256' title='bbox 645 2572 705 2639; x_wconf 76' lang='grc' dir='ltr'><strong><em>ὄψιν</em></strong></span> <span class='ocrx_word' id='word_1_257' title='bbox 717 2571 824 2640; x_wconf 75' lang='lat' dir='ltr'><strong>passive</strong></span> <span class='ocrx_word' id='word_1_258' title='bbox 836 2570 998 2640; x_wconf 80' lang='lat' dir='ltr'><strong>accipiebat,</strong></span> <span class='ocrx_word' id='word_1_259' title='bbox 1008 2570 1129 2641; x_wconf 84' lang='lat' dir='ltr'><strong>indeque</strong></span> <span class='ocrx_word' id='word_1_260' title='bbox 1142 2572 1261 2640; x_wconf 89' lang='lat' dir='ltr'><strong>pendere</strong></span> 
     </span>
     <span class='ocr_line' id='line_1_27' title="bbox 157 2647 1262 2725; baseline 0.003 -20"><span class='ocrx_word' id='word_1_261' title='bbox 157 2654 275 2725; x_wconf 89' lang='lat' dir='ltr'><strong>putabat</strong></span> <span class='ocrx_word' id='word_1_262' title='bbox 292 2654 441 2721; x_wconf 83' lang='lat' dir='ltr'><strong>genitivum</strong></span> <span class='ocrx_word' id='word_1_263' title='bbox 462 2655 577 2708; x_wconf 78' lang='grc' dir='ltr'>ἑκάστου.</span> <span class='ocrx_word' id='word_1_264' title='bbox 614 2652 712 2721; x_wconf 89' lang='lat' dir='ltr'><strong>Ipsum</strong></span> <span class='ocrx_word' id='word_1_265' title='bbox 731 2654 920 2707; x_wconf 81' lang='lat' dir='ltr'><strong>accusativum</strong></span> <span class='ocrx_word' id='word_1_266' title='bbox 939 2654 1001 2721; x_wconf 71' lang='grc' dir='ltr'><strong><em>ὅφιν</em></strong></span> <span class='ocrx_word' id='word_1_267' title='bbox 1018 2655 1058 2705; x_wconf 91' lang='lat' dir='ltr'><strong>lta</strong></span> <span class='ocrx_word' id='word_1_268' title='bbox 1076 2660 1113 2721; x_wconf 77' lang='lat' dir='ltr'><strong>aqi</strong></span> <span class='ocrx_word' id='word_1_269' title='bbox 1125 2647 1262 2725; x_wconf 69' lang='grc' dir='ltr'><strong><em>παραφέρει</em></strong></span> 
     </span>
     <span class='ocr_line' id='line_1_28' title="bbox 154 2734 1261 2805; baseline 0.005 -19"><span class='ocrx_word' id='word_1_270' title='bbox 154 2734 300 2802; x_wconf 83' lang='lat' dir='ltr'><strong>jungebat,</strong></span> <span class='ocrx_word' id='word_1_271' title='bbox 322 2740 354 2788; x_wconf 89' lang='lat' dir='ltr'><strong>ut</strong></span> <span class='ocrx_word' id='word_1_272' title='bbox 371 2736 534 2804; x_wconf 81' lang='lat' dir='ltr'><strong>intelligeret</strong></span> <span class='ocrx_word' id='word_1_273' title='bbox 554 2735 667 2789; x_wconf 81' lang='lat' dir='ltr'><strong>tonnam</strong></span> <span class='ocrx_word' id='word_1_274' title='bbox 687 2734 819 2805; x_wconf 91' lang='lat' dir='ltr'><strong>loquendi</strong></span> <span class='ocrx_word' id='word_1_275' title='bbox 840 2734 892 2787; x_wconf 92' lang='lat' dir='ltr'><strong>hoc</strong></span> <span class='ocrx_word' id='word_1_276' title='bbox 913 2735 1011 2787; x_wconf 85' lang='lat' dir='ltr'><strong>modo:</strong></span> <span class='ocrx_word' id='word_1_277' title='bbox 1039 2738 1261 2803; x_wconf 75' lang='lat' dir='ltr'><strong>praetergreditur</strong></span> 
     </span>
     <span class='ocr_line' id='line_1_29' title="bbox 158 2816 1261 2887; baseline 0.003 -18"><span class='ocrx_word' id='word_1_278' title='bbox 158 2817 320 2886; x_wconf 85' lang='lat' dir='ltr'><strong>adspectum</strong></span> <span class='ocrx_word' id='word_1_279' title='bbox 333 2818 547 2887; x_wconf 86' lang='lat' dir='ltr'><strong>uniuscnjusque</strong></span> <span class='ocrx_word' id='word_1_280' title='bbox 559 2818 607 2871; x_wconf 90' lang='lat' dir='ltr'><strong>rei.</strong></span> <span class='ocrx_word' id='word_1_281' title='bbox 643 2816 677 2871; x_wconf 89' lang='lat' dir='ltr'><strong>Id</strong></span> <span class='ocrx_word' id='word_1_282' title='bbox 690 2832 773 2887; x_wconf 88' lang='lat' dir='ltr'><strong>quam</strong></span> <span class='ocrx_word' id='word_1_283' title='bbox 784 2820 861 2869; x_wconf 89' lang='lat' dir='ltr'><strong>recte</strong></span> <span class='ocrx_word' id='word_1_284' title='bbox 876 2816 980 2882; x_wconf 85' lang='lat' dir='ltr'><strong>lecerit,</strong></span> <span class='ocrx_word' id='word_1_285' title='bbox 993 2816 1093 2869; x_wconf 86' lang='lat' dir='ltr'><strong>nescio.</strong></span> <span class='ocrx_word' id='word_1_286' title='bbox 1125 2818 1261 2872; x_wconf 87' lang='lat' dir='ltr'><strong>Leonela·</strong></span> 
     </span>
     <span class='ocr_line' id='line_1_30' title="bbox 82 2893 1259 2969; baseline 0.003 -19"><span class='ocrx_word' id='word_1_287' title='bbox 82 2904 88 2915; x_wconf 79' lang='grc'><strong>“</strong></span> <span class='ocrx_word' id='word_1_288' title='bbox 157 2900 235 2951; x_wconf 88' lang='lat' dir='ltr'><strong>vium</strong></span> <span class='ocrx_word' id='word_1_289' title='bbox 248 2900 339 2966; x_wconf 88' lang='lat' dir='ltr'><strong>potina</strong></span> <span class='ocrx_word' id='word_1_290' title='bbox 350 2914 458 2968; x_wconf 90' lang='lat' dir='ltr'><strong>sequar,</strong></span> <span class='ocrx_word' id='word_1_291' title='bbox 476 2900 523 2969; x_wconf 92' lang='lat' dir='ltr'><strong>qni</strong></span> <span class='ocrx_word' id='word_1_292' title='bbox 541 2900 602 2967; x_wconf 74' lang='grc' dir='ltr'><strong><em>ὄφιν</em></strong></span> <span class='ocrx_word' id='word_1_293' title='bbox 613 2898 686 2967; x_wconf 89' lang='lat' dir='ltr'><strong>ipsos</strong></span> <span class='ocrx_word' id='word_1_294' title='bbox 698 2898 795 2967; x_wconf 90' lang='lat' dir='ltr'><strong>leporis</strong></span> <span class='ocrx_word' id='word_1_295' title='bbox 806 2898 901 2952; x_wconf 85' lang='lat' dir='ltr'><strong>oculos</strong></span> <span class='ocrx_word' id='word_1_296' title='bbox 913 2898 1051 2951; x_wconf 84' lang='lat' dir='ltr'><strong>intellexit</strong></span> <span class='ocrx_word' id='word_1_297' title='bbox 1062 2902 1092 2951; x_wconf 91' lang='lat' dir='ltr'><strong>et</strong></span> <span class='ocrx_word' id='word_1_298' title='bbox 1106 2893 1259 2966; x_wconf 75' lang='lat' dir='ltr'><strong>genitivum</strong></span> 
     </span>
     <span class='ocr_line' id='line_1_31' title="bbox 156 2972 1261 3049; baseline 0.003 -17"><span class='ocrx_word' id='word_1_299' title='bbox 156 2981 219 3047; x_wconf 76' lang='lat' dir='ltr'><strong>regi</strong></span> <span class='ocrx_word' id='word_1_300' title='bbox 232 2981 348 3048; x_wconf 86' lang='lat' dir='ltr'><strong>putavit,</strong></span> <span class='ocrx_word' id='word_1_301' title='bbox 366 2982 417 3033; x_wconf 90' lang='lat' dir='ltr'><strong>nisi</strong></span> <span class='ocrx_word' id='word_1_302' title='bbox 430 2980 506 3033; x_wconf 86' lang='lat' dir='ltr'><strong>iallor</strong></span> <span class='ocrx_word' id='word_1_303' title='bbox 516 2979 617 3049; x_wconf 89' lang='lat' dir='ltr'><strong>(neque</strong></span> <span class='ocrx_word' id='word_1_304' title='bbox 630 2972 703 3033; x_wconf 83' lang='lat' dir='ltr'><strong>enim</strong></span> <span class='ocrx_word' id='word_1_305' title='bbox 716 2980 863 3048; x_wconf 90' lang='lat' dir='ltr'><strong>quicquam</strong></span> <span class='ocrx_word' id='word_1_306' title='bbox 881 2996 931 3049; x_wconf 89' lang='lat' dir='ltr'><strong>pro</strong></span> <span class='ocrx_word' id='word_1_307' title='bbox 946 2985 1021 3033; x_wconf 90' lang='lat' dir='ltr'><strong>certo</strong></span> <span class='ocrx_word' id='word_1_308' title='bbox 1038 2981 1230 3049; x_wconf 79' lang='lat' dir='ltr'><strong>defenderim),</strong></span> <span class='ocrx_word' id='word_1_309' title='bbox 1242 2996 1261 3035; x_wconf 88' lang='lat' dir='ltr'><strong>a</strong></span> 
     </span>
     <span class='ocr_line' id='line_1_32' title="bbox 158 3054 1261 3133; baseline 0.001 -20"><span class='ocrx_word' id='word_1_310' title='bbox 158 3054 298 3129; x_wconf 89' lang='lat' dir='ltr'><strong>particula</strong></span> <span class='ocrx_word' id='word_1_311' title='bbox 315 3066 386 3129; x_wconf 77' lang='grc' dir='ltr'><strong><em>παρὰ</em></strong></span> <span class='ocrx_word' id='word_1_312' title='bbox 402 3063 429 3113; x_wconf 93' lang='lat' dir='ltr'><strong>in</strong></span> <span class='ocrx_word' id='word_1_313' title='bbox 449 3054 591 3131; x_wconf 77' lang='grc' dir='ltr'><strong><em>παραφέρει,</em></strong></span> <span class='ocrx_word' id='word_1_314' title='bbox 608 3060 660 3116; x_wconf 83' lang='lat' dir='ltr'><strong>uisi</strong></span> <span class='ocrx_word' id='word_1_315' title='bbox 676 3060 746 3114; x_wconf 83' lang='lat' dir='ltr'><strong>torte</strong></span> <span class='ocrx_word' id='word_1_316' title='bbox 757 3060 896 3114; x_wconf 86' lang='lat' dir='ltr'><strong>intellexit</strong></span> <span class='ocrx_word' id='word_1_317' title='bbox 906 3073 1079 3131; x_wconf 81' lang='lat' dir='ltr'><strong>suppressam</strong></span> <span class='ocrx_word' id='word_1_318' title='bbox 1090 3063 1261 3133; x_wconf 85' lang='lat' dir='ltr'><strong>praepositio-</strong></span> 
     </span>
     <span class='ocr_line' id='line_1_33' title="bbox 84 3142 1261 3212; baseline 0.001 -16"><span class='ocrx_word' id='word_1_319' title='bbox 84 3180 88 3184; x_wconf 89' lang='lat'><em>·</em></span> <span class='ocrx_word' id='word_1_320' title='bbox 158 3158 225 3196; x_wconf 90' lang='lat' dir='ltr'><strong>nem</strong></span> <span class='ocrx_word' id='word_1_321' title='bbox 237 3144 299 3194; x_wconf 77' lang='grc' dir='ltr'><strong><em>ἀπό.</em></strong></span> <span class='ocrx_word' id='word_1_322' title='bbox 317 3142 388 3211; x_wconf 83' lang='lat' dir='ltr'><strong>Ejus</strong></span> <span class='ocrx_word' id='word_1_323' title='bbox 396 3144 489 3212; x_wconf 88' lang='lat' dir='ltr'><strong>itaque</strong></span> <span class='ocrx_word' id='word_1_324' title='bbox 500 3144 630 3196; x_wconf 87' lang='lat' dir='ltr'><strong>rationem</strong></span> <span class='ocrx_word' id='word_1_325' title='bbox 644 3144 666 3195; x_wconf 86' lang='lat' dir='ltr'><strong>si</strong></span> <span class='ocrx_word' id='word_1_326' title='bbox 675 3147 779 3207; x_wconf 85' lang='lat' dir='ltr'><strong>teneas,</strong></span> <span class='ocrx_word' id='word_1_327' title='bbox 790 3142 855 3194; x_wconf 87' lang='lat' dir='ltr'><strong>nihil</strong></span> <span class='ocrx_word' id='word_1_328' title='bbox 863 3142 937 3195; x_wconf 87' lang='lat' dir='ltr'><strong>alind</strong></span> <span class='ocrx_word' id='word_1_329' title='bbox 947 3150 1047 3212; x_wconf 79' lang='lat' dir='ltr'><strong>praeter</strong></span> <span class='ocrx_word' id='word_1_330' title='bbox 1055 3144 1261 3198; x_wconf 85' lang='lat' dir='ltr'><strong>usitatissimam</strong></span> 
     </span>
     <span class='ocr_line' id='line_1_34' title="bbox 158 3224 1262 3297; baseline 0.001 -19"><span class='ocrx_word' id='word_1_331' title='bbox 158 3230 206 3279; x_wconf 77' lang='grc' dir='ltr'><strong>τοῦ</strong></span> <span class='ocrx_word' id='word_1_332' title='bbox 218 3227 368 3297; x_wconf 72' lang='grc' dir='ltr'><strong><em>παραφέρειν</em></strong></span> <span class='ocrx_word' id='word_1_333' title='bbox 376 3224 432 3279; x_wconf 88' lang='lat' dir='ltr'><strong>viru</strong></span> <span class='ocrx_word' id='word_1_334' title='bbox 443 3240 588 3293; x_wconf 79' lang='lat' dir='ltr'><strong>agnoscere</strong></span> <span class='ocrx_word' id='word_1_335' title='bbox 597 3226 720 3295; x_wconf 77' lang='lat' dir='ltr'><strong>cogeris3</strong></span> <span class='ocrx_word' id='word_1_336' title='bbox 736 3224 766 3278; x_wconf 91' lang='lat' dir='ltr'><strong>id</strong></span> <span class='ocrx_word' id='word_1_337' title='bbox 777 3226 934 3294; x_wconf 73' lang='lat' dir='ltr'><strong>quodcum</strong></span> <span class='ocrx_word' id='word_1_338' title='bbox 945 3228 1018 3279; x_wconf 85' lang='lat' dir='ltr'><strong>eolus</strong></span> <span class='ocrx_word' id='word_1_339' title='bbox 1029 3231 1058 3279; x_wconf 91' lang='lat' dir='ltr'><strong>et</strong></span> <span class='ocrx_word' id='word_1_340' title='bbox 1068 3227 1150 3294; x_wconf 89' lang='lat' dir='ltr'><strong>plane</strong></span> <span class='ocrx_word' id='word_1_341' title='bbox 1160 3228 1202 3280; x_wconf 88' lang='lat' dir='ltr'><strong>sni</strong></span> <span class='ocrx_word' id='word_1_342' title='bbox 1213 3242 1262 3294; x_wconf 74' lang='lat' dir='ltr'><strong>ge·</strong></span> 
     </span>
     <span class='ocr_line' id='line_1_35' title="bbox 159 3305 1262 3378; baseline 0 -17"><span class='ocrx_word' id='word_1_343' title='bbox 159 3310 234 3361; x_wconf 84' lang='lat' dir='ltr'><strong>neris</strong></span> <span class='ocrx_word' id='word_1_344' title='bbox 253 3308 320 3361; x_wconf 83' lang='lat' dir='ltr'><strong>alias</strong></span> <span class='ocrx_word' id='word_1_345' title='bbox 337 3305 405 3361; x_wconf 83' lang='lat' dir='ltr'><strong>foret</strong></span> <span class='ocrx_word' id='word_1_346' title='bbox 418 3310 461 3361; x_wconf 88' lang='lat' dir='ltr'><strong>hic</strong></span> <span class='ocrx_word' id='word_1_347' title='bbox 477 3308 563 3374; x_wconf 89' lang='lat' dir='ltr'><strong>loeus,</strong></span> <span class='ocrx_word' id='word_1_348' title='bbox 580 3310 676 3378; x_wconf 89' lang='lat' dir='ltr'><strong>ntique</strong></span> <span class='ocrx_word' id='word_1_349' title='bbox 688 3310 819 3377; x_wconf 88' lang='lat' dir='ltr'><strong>praestare</strong></span> <span class='ocrx_word' id='word_1_350' title='bbox 835 3307 944 3376; x_wconf 70' lang='lat' dir='ltr'><strong>opinor:</strong></span> <span class='ocrx_word' id='word_1_351' title='bbox 974 3308 1120 3370; x_wconf 84' lang='lat' dir='ltr'><strong>Zenninm,</strong></span> <span class='ocrx_word' id='word_1_352' title='bbox 1138 3309 1184 3375; x_wconf 94' lang='lat' dir='ltr'><strong>qui</strong></span> <span class='ocrx_word' id='word_1_353' title='bbox 1199 3306 1262 3362; x_wconf 87' lang='lat' dir='ltr'><strong>dili·</strong></span> 
     </span>
     <span class='ocr_line' id='line_1_36' title="bbox 160 3389 1260 3461; baseline 0 -18"><span class='ocrx_word' id='word_1_354' title='bbox 160 3392 270 3459; x_wconf 77' lang='lat' dir='ltr'><strong>gentius</strong></span> <span class='ocrx_word' id='word_1_355' title='bbox 289 3391 370 3443; x_wconf 87' lang='lat' dir='ltr'><strong>hasce</strong></span> <span class='ocrx_word' id='word_1_356' title='bbox 388 3390 584 3461; x_wconf 87' lang='lat' dir='ltr'><strong>Xenophontei</strong></span> <span class='ocrx_word' id='word_1_357' title='bbox 603 3390 707 3459; x_wconf 80' lang='lat' dir='ltr'><strong>ingenii</strong></span> <span class='ocrx_word' id='word_1_358' title='bbox 727 3390 863 3441; x_wconf 82' lang='lat' dir='ltr'><strong>tenuiores</strong></span> <span class='ocrx_word' id='word_1_359' title='bbox 882 3389 1019 3458; x_wconf 89' lang='lat' dir='ltr'><strong>reliquias,</strong></span> <span class='ocrx_word' id='word_1_360' title='bbox 1040 3391 1172 3458; x_wconf 84' lang='lat' dir='ltr'><strong>pretiosas</strong></span> <span class='ocrx_word' id='word_1_361' title='bbox 1191 3390 1260 3457; x_wconf 86' lang='lat' dir='ltr'><strong>illas,</strong></span> 
     </span>
     <span class='ocr_line' id='line_1_37' title="bbox 160 3470 1282 3541; baseline -0.001 -15"><span class='ocrx_word' id='word_1_362' title='bbox 160 3474 325 3536; x_wconf 86' lang='lat' dir='ltr'><strong>tractaverit,</strong></span> <span class='ocrx_word' id='word_1_363' title='bbox 337 3472 404 3526; x_wconf 91' lang='lat' dir='ltr'><strong>nihil</strong></span> <span class='ocrx_word' id='word_1_364' title='bbox 417 3474 561 3527; x_wconf 77' lang='lat' dir='ltr'><strong>observare</strong></span> <span class='ocrx_word' id='word_1_365' title='bbox 572 3473 600 3525; x_wconf 93' lang='lat' dir='ltr'><strong>in</strong></span> <span class='ocrx_word' id='word_1_366' title='bbox 612 3474 664 3526; x_wconf 86' lang='lat' dir='ltr'><strong>hoc</strong></span> <span class='ocrx_word' id='word_1_367' title='bbox 676 3473 745 3532; x_wconf 88' lang='lat' dir='ltr'><strong>loco,</strong></span> <span class='ocrx_word' id='word_1_368' title='bbox 755 3471 846 3524; x_wconf 89' lang='lat' dir='ltr'><strong>miror.</strong></span> <span class='ocrx_word' id='word_1_369' title='bbox 884 3470 935 3523; x_wconf 89' lang='lat' dir='ltr'><strong>Est</strong></span> <span class='ocrx_word' id='word_1_370' title='bbox 946 3474 1039 3522; x_wconf 89' lang='lat' dir='ltr'><strong>tamen</strong></span> <span class='ocrx_word' id='word_1_371' title='bbox 1051 3471 1136 3523; x_wconf 87' lang='lat' dir='ltr'><strong>nostri</strong></span> <span class='ocrx_word' id='word_1_372' title='bbox 1149 3474 1262 3541; x_wconf 69' lang='grc' dir='ltr'><strong><em>παραφὸ-</em></strong></span> <span class='ocrx_word' id='word_1_373' title='bbox 1278 3522 1282 3525; x_wconf 80' lang='grc'><strong>.</strong></span> 
     </span>
     <span class='ocr_line' id='line_1_38' title="bbox 159 3546 1261 3626; baseline -0.002 -17"><span class='ocrx_word' id='word_1_374' title='bbox 159 3546 213 3626; x_wconf 83' lang='grc' dir='ltr'><strong>Ιρειν</strong></span> <span class='ocrx_word' id='word_1_375' title='bbox 225 3571 319 3610; x_wconf 87' lang='lat' dir='ltr'><strong>sensus</strong></span> <span class='ocrx_word' id='word_1_376' title='bbox 331 3555 428 3625; x_wconf 88' lang='lat' dir='ltr'><strong>aliquis</strong></span> <span class='ocrx_word' id='word_1_377' title='bbox 441 3558 514 3625; x_wconf 88' lang='lat' dir='ltr'><strong>apud</strong></span> <span class='ocrx_word' id='word_1_378' title='bbox 524 3554 722 3622; x_wconf 78' lang='lat' dir='ltr'><strong>Thucydidem,</strong></span> <span class='ocrx_word' id='word_1_379' title='bbox 731 3554 779 3623; x_wconf 93' lang='lat' dir='ltr'><strong>qui</strong></span> <span class='ocrx_word' id='word_1_380' title='bbox 790 3565 953 3621; x_wconf 81' lang='lat' dir='ltr'><strong>magnopere</strong></span> <span class='ocrx_word' id='word_1_381' title='bbox 965 3554 1094 3606; x_wconf 88' lang='lat' dir='ltr'><strong>recedere</strong></span> <span class='ocrx_word' id='word_1_382' title='bbox 1107 3552 1214 3607; x_wconf 89' lang='lat' dir='ltr'><strong>videtur</strong></span> <span class='ocrx_word' id='word_1_383' title='bbox 1225 3552 1261 3607; x_wconf 87' lang='lat' dir='ltr'><strong>ab</strong></span> 
     </span>
     <span class='ocr_line' id='line_1_39' title="bbox 163 3635 1263 3709; baseline -0.003 -16"><span class='ocrx_word' id='word_1_384' title='bbox 163 3641 263 3704; x_wconf 80' lang='lat' dir='ltr'><strong>etymo,</strong></span> <span class='ocrx_word' id='word_1_385' title='bbox 272 3642 301 3692; x_wconf 89' lang='lat' dir='ltr'><strong>et</strong></span> <span class='ocrx_word' id='word_1_386' title='bbox 311 3640 365 3692; x_wconf 90' lang='lat' dir='ltr'><strong>hnc</strong></span> <span class='ocrx_word' id='word_1_387' title='bbox 374 3640 464 3693; x_wconf 84' lang='lat' dir='ltr'><strong>reterri</strong></span> <span class='ocrx_word' id='word_1_388' title='bbox 475 3655 553 3709; x_wconf 87' lang='lat' dir='ltr'><strong>posse</strong></span> <span class='ocrx_word' id='word_1_389' title='bbox 567 3636 779 3707; x_wconf 88' lang='lat' dir='ltr'><strong>quodammodo.</strong></span> <span class='ocrx_word' id='word_1_390' title='bbox 810 3637 926 3704; x_wconf 72' lang='lat' dir='ltr'><strong>Legitur</strong></span> <span class='ocrx_word' id='word_1_391' title='bbox 938 3635 1109 3707; x_wconf 86' lang='lat' dir='ltr'><strong>participium</strong></span> <span class='ocrx_word' id='word_1_392' title='bbox 1123 3636 1197 3688; x_wconf 85' lang='lat' dir='ltr'><strong>verbi</strong></span> <span class='ocrx_word' id='word_1_393' title='bbox 1209 3636 1263 3690; x_wconf 83' lang='lat' dir='ltr'><strong>hn-</strong></span> 
     </span>
     <span class='ocr_line' id='line_1_40' title="bbox 158 3717 1262 3791; baseline 0.003 -21"><span class='ocrx_word' id='word_1_394' title='bbox 158 3718 209 3787; x_wconf 77' lang='lat' dir='ltr'><strong>J‘ns</strong></span> <span class='ocrx_word' id='word_1_395' title='bbox 221 3734 275 3773; x_wconf 83' lang='lat' dir='ltr'><strong>nor.</strong></span> <span class='ocrx_word' id='word_1_396' title='bbox 286 3724 313 3773; x_wconf 83' lang='lat'><strong>2.</strong></span> <span class='ocrx_word' id='word_1_397' title='bbox 329 3724 535 3791; x_wconf 75' lang='grc' dir='ltr'><strong><em>παρενεγεούσας</em></strong></span> <span class='ocrx_word' id='word_1_398' title='bbox 547 3720 592 3773; x_wconf 89' lang='lat' dir='ltr'><strong>lib.</strong></span> <span class='ocrx_word' id='word_1_399' title='bbox 605 3722 631 3773; x_wconf 84' lang='grc'><strong>5.</strong></span> <span class='ocrx_word' id='word_1_400' title='bbox 641 3736 666 3772; x_wconf 86' lang='lat' dir='ltr'><strong>o.</strong></span> <span class='ocrx_word' id='word_1_401' title='bbox 677 3724 722 3772; x_wconf 71' lang='lat' dir='ltr'><strong>w.</strong></span> <span class='ocrx_word' id='word_1_402' title='bbox 734 3718 812 3787; x_wconf 85' lang='lat' dir='ltr'><strong>(Vol.</strong></span> <span class='ocrx_word' id='word_1_403' title='bbox 823 3717 887 3789; x_wconf 90' lang='lat' dir='ltr'><strong>Bip.</strong></span> <span class='ocrx_word' id='word_1_404' title='bbox 897 3724 925 3773; x_wconf 83' lang='grc'><strong>3.</strong></span> <span class='ocrx_word' id='word_1_405' title='bbox 937 3736 962 3789; x_wconf 89' lang='grc' dir='ltr'><strong>ρ.</strong></span> <span class='ocrx_word' id='word_1_406' title='bbox 971 3718 1049 3788; x_wconf 66' lang='lat' dir='ltr'><strong>w.)</strong></span> <span class='ocrx_word' id='word_1_407' title='bbox 1058 3718 1189 3784; x_wconf 75' lang='lat' dir='ltr'><strong>Junctum</strong></span> <span class='ocrx_word' id='word_1_408' title='bbox 1200 3720 1262 3773; x_wconf 81' lang='lat' dir='ltr'><strong>voci</strong></span> 
     </span>
     <span class='ocr_line' id='line_1_41' title="bbox 163 3794 1262 3872; baseline 0.001 -19"><span class='ocrx_word' id='word_1_409' title='bbox 163 3802 259 3871; x_wconf 73' lang='grc' dir='ltr'><strong><em>ἡμέρας</em></strong></span> <span class='ocrx_word' id='word_1_410' title='bbox 269 3817 303 3854; x_wconf 91' lang='lat' dir='ltr'><strong>eo</strong></span> <span class='ocrx_word' id='word_1_411' title='bbox 314 3818 404 3868; x_wconf 85' lang='lat' dir='ltr'><strong>sensu,</strong></span> <span class='ocrx_word' id='word_1_412' title='bbox 416 3807 448 3855; x_wconf 90' lang='lat' dir='ltr'><strong>ut</strong></span> <span class='ocrx_word' id='word_1_413' title='bbox 460 3805 526 3857; x_wconf 87' lang='lat' dir='ltr'><strong>verti</strong></span> <span class='ocrx_word' id='word_1_414' title='bbox 540 3802 654 3859; x_wconf 81' lang='lat' dir='ltr'><strong>debeat:</strong></span> <span class='ocrx_word' id='word_1_415' title='bbox 674 3802 728 3855; x_wconf 79' lang='lat' dir='ltr'><strong>dias</strong></span> <span class='ocrx_word' id='word_1_416' title='bbox 739 3798 847 3872; x_wconf 80' lang='lat' dir='ltr'><strong>elapsos.</strong></span> <span class='ocrx_word' id='word_1_417' title='bbox 883 3800 972 3854; x_wconf 83' lang='lat' dir='ltr'><strong>Vides</strong></span> <span class='ocrx_word' id='word_1_418' title='bbox 983 3794 1207 3867; x_wconf 76' lang='lat' dir='ltr'><strong>significationem</strong></span> <span class='ocrx_word' id='word_1_419' title='bbox 1219 3801 1262 3854; x_wconf 92' lang='lat' dir='ltr'><strong>in·</strong></span> 
     </span>
     <span class='ocr_line' id='line_1_42' title="bbox 163 3879 1260 3955; baseline -0.001 -19"><span class='ocrx_word' id='word_1_420' title='bbox 163 3880 334 3936; x_wconf 80' lang='lat' dir='ltr'><strong>transitivum</strong></span> <span class='ocrx_word' id='word_1_421' title='bbox 347 3884 430 3937; x_wconf 91' lang='lat' dir='ltr'><strong>tribui</strong></span> <span class='ocrx_word' id='word_1_422' title='bbox 441 3885 523 3937; x_wconf 90' lang='lat' dir='ltr'><strong>verbo</strong></span> <span class='ocrx_word' id='word_1_423' title='bbox 530 3904 538 3950; x_wconf 91' lang='lat'>;</span> <span class='ocrx_word' id='word_1_424' title='bbox 555 3882 636 3955; x_wconf 78' lang='lat' dir='ltr'><strong>elapsi</strong></span> <span class='ocrx_word' id='word_1_425' title='bbox 646 3882 701 3937; x_wconf 86' lang='lat' dir='ltr'><strong>dies</strong></span> <span class='ocrx_word' id='word_1_426' title='bbox 717 3887 820 3943; x_wconf 87' lang='lat' dir='ltr'><strong>tamen,</strong></span> <span class='ocrx_word' id='word_1_427' title='bbox 836 3881 920 3935; x_wconf 89' lang='lat' dir='ltr'><strong>etiam</strong></span> <span class='ocrx_word' id='word_1_428' title='bbox 934 3879 1102 3952; x_wconf 71' lang='lat' dir='ltr'><strong>preterlepri</strong></span> <span class='ocrx_word' id='word_1_429' title='bbox 1115 3882 1260 3935; x_wconf 84' lang='lat' dir='ltr'><strong>commode</strong></span> 
     </span>
    </p>
   </div>
   <div class='ocr_carea' id='block_1_5' title="bbox 161 3961 1347 4034">
    <p class='ocr_par' dir='ltr' id='par_1_5' title="bbox 161 3961 1347 4034">
     <span class='ocr_line' id='line_1_43' title="bbox 161 3961 1347 4034; baseline -0.002 -15"><span class='ocrx_word' id='word_1_430' title='bbox 161 3966 313 4026; x_wconf 82' lang='lat' dir='ltr'><strong>vertantur,</strong></span> <span class='ocrx_word' id='word_1_431' title='bbox 322 3967 404 4034; x_wconf 90' lang='lat' dir='ltr'><strong>atque</strong></span> <span class='ocrx_word' id='word_1_432' title='bbox 412 3966 452 4017; x_wconf 90' lang='lat' dir='ltr'><strong>ila</strong></span> <span class='ocrx_word' id='word_1_433' title='bbox 460 3966 646 4018; x_wconf 87' lang='lat' dir='ltr'><strong>accusativum</strong></span> <span class='ocrx_word' id='word_1_434' title='bbox 655 3962 767 4017; x_wconf 84' lang='lat' dir='ltr'><strong>tortasse</strong></span> <span class='ocrx_word' id='word_1_435' title='bbox 775 3964 826 4017; x_wconf 91' lang='lat' dir='ltr'><strong>sihi</strong></span> <span class='ocrx_word' id='word_1_436' title='bbox 831 3964 932 4031; x_wconf 74' lang='lat' dir='ltr'><strong>jungat</strong></span> <span class='ocrx_word' id='word_1_437' title='bbox 941 3961 1103 4016; x_wconf 78' lang='lat' dir='ltr'><strong>vocabulum</strong></span> <span class='ocrx_word' id='word_1_438' title='bbox 1113 3968 1145 4016; x_wconf 91' lang='lat' dir='ltr'><strong>ut</strong></span> <span class='ocrx_word' id='word_1_439' title='bbox 1153 3964 1261 4017; x_wconf 82' lang='lat' dir='ltr'><strong>dicatur</strong></span> <span class='ocrx_word' id='word_1_440' title='bbox 1342 4024 1347 4032; x_wconf 50' lang='grc'>,</span> 
     </span>
    </p>
   </div>
   <div class='ocr_carea' id='block_1_6' title="bbox 162 4044 1263 4447">
    <p class='ocr_par' dir='ltr' id='par_1_6' title="bbox 162 4044 1263 4447">
     <span class='ocr_line' id='line_1_44' title="bbox 163 4044 1261 4115; baseline -0.001 -16"><span class='ocrx_word' id='word_1_441' title='bbox 163 4046 246 4100; x_wconf 87' lang='lat' dir='ltr'><strong>homo</strong></span> <span class='ocrx_word' id='word_1_442' title='bbox 257 4050 423 4115; x_wconf 74' lang='grc' dir='ltr'><strong><em>παρενεγκεῖν</em></strong></span> <span class='ocrx_word' id='word_1_443' title='bbox 433 4052 541 4113; x_wconf 86' lang='lat' dir='ltr'><strong>tempus</strong></span> <span class='ocrx_word' id='word_1_444' title='bbox 552 4046 668 4114; x_wconf 85' lang='lat' dir='ltr'><strong>alicujus</strong></span> <span class='ocrx_word' id='word_1_445' title='bbox 679 4047 720 4099; x_wconf 88' lang='lat' dir='ltr'><strong>rei</strong></span> <span class='ocrx_word' id='word_1_446' title='bbox 732 4044 877 4099; x_wconf 77' lang='lat' dir='ltr'><strong>faciende.</strong></span> <span class='ocrx_word' id='word_1_447' title='bbox 913 4045 978 4099; x_wconf 87' lang='lat' dir='ltr'><strong>Hoc</strong></span> <span class='ocrx_word' id='word_1_448' title='bbox 991 4046 1072 4098; x_wconf 92' lang='lat' dir='ltr'><strong>modo</strong></span> <span class='ocrx_word' id='word_1_449' title='bbox 1087 4045 1164 4098; x_wconf 89' lang='lat' dir='ltr'><strong>locus</strong></span> <span class='ocrx_word' id='word_1_450' title='bbox 1175 4046 1261 4098; x_wconf 93' lang='lat' dir='ltr'><strong>nostri</strong></span> 
     </span>
     <span class='ocr_line' id='line_1_45' title="bbox 164 4128 1261 4203; baseline 0.002 -22"><span class='ocrx_word' id='word_1_451' title='bbox 164 4128 266 4181; x_wconf 90' lang='lat' dir='ltr'><strong>oraculi</strong></span> <span class='ocrx_word' id='word_1_452' title='bbox 277 4128 349 4180; x_wconf 90' lang='lat' dir='ltr'><strong>bene</strong></span> <span class='ocrx_word' id='word_1_453' title='bbox 360 4128 482 4193; x_wconf 89' lang='lat' dir='ltr'><strong>haberet,</strong></span> <span class='ocrx_word' id='word_1_454' title='bbox 495 4132 523 4181; x_wconf 90' lang='lat' dir='ltr'><strong>et</strong></span> <span class='ocrx_word' id='word_1_455' title='bbox 535 4132 577 4203; x_wconf 77' lang='lat' dir='ltr'><strong>qst</strong></span> <span class='ocrx_word' id='word_1_456' title='bbox 586 4128 699 4181; x_wconf 86' lang='lat' dir='ltr'><strong>tortasse</strong></span> <span class='ocrx_word' id='word_1_457' title='bbox 711 4129 828 4197; x_wconf 89' lang='lat' dir='ltr'><strong>apertior</strong></span> <span class='ocrx_word' id='word_1_458' title='bbox 839 4144 890 4192; x_wconf 90' lang='lat' dir='ltr'><strong>res,</strong></span> <span class='ocrx_word' id='word_1_459' title='bbox 907 4142 989 4197; x_wconf 91' lang='lat' dir='ltr'><strong>qnam</strong></span> <span class='ocrx_word' id='word_1_460' title='bbox 1002 4144 1064 4199; x_wconf 74' lang='lat' dir='ltr'><strong>quaa</strong></span> <span class='ocrx_word' id='word_1_461' title='bbox 1077 4132 1132 4180; x_wconf 89' lang='lat' dir='ltr'><strong>tam</strong></span> <span class='ocrx_word' id='word_1_462' title='bbox 1147 4131 1261 4197; x_wconf 80' lang='lat' dir='ltr'><strong>operosa</strong></span> 
     </span>
     <span class='ocr_line' id='line_1_46' title="bbox 162 4210 1261 4281; baseline 0 -16"><span class='ocrx_word' id='word_1_463' title='bbox 162 4212 324 4265; x_wconf 85' lang='lat' dir='ltr'><strong>tractatione</strong></span> <span class='ocrx_word' id='word_1_464' title='bbox 335 4212 492 4279; x_wconf 75' lang='lat' dir='ltr'><strong>indiguerit.</strong></span> <span class='ocrx_word' id='word_1_465' title='bbox 526 4212 673 4281; x_wconf 86' lang='lat' dir='ltr'><strong>Equidem,</strong></span> <span class='ocrx_word' id='word_1_466' title='bbox 685 4212 781 4277; x_wconf 79' lang='lat' dir='ltr'><strong>fateor,</strong></span> <span class='ocrx_word' id='word_1_467' title='bbox 792 4228 809 4263; x_wconf 88' lang='lat' dir='ltr'><strong>a</strong></span> <span class='ocrx_word' id='word_1_468' title='bbox 819 4210 947 4264; x_wconf 89' lang='lat' dir='ltr'><strong>diuturno</strong></span> <span class='ocrx_word' id='word_1_469' title='bbox 958 4226 1010 4265; x_wconf 84' lang='lat' dir='ltr'><strong>usu</strong></span> <span class='ocrx_word' id='word_1_470' title='bbox 1021 4221 1261 4265; x_wconf 86' lang='lat' dir='ltr'><strong>monumentorum</strong></span> 
     </span>
     <span class='ocr_line' id='line_1_47' title="bbox 166 4292 1260 4362; baseline 0.001 -16"><span class='ocrx_word' id='word_1_471' title='bbox 166 4294 324 4348; x_wconf 85' lang='lat' dir='ltr'><strong>Graecorum</strong></span> <span class='ocrx_word' id='word_1_472' title='bbox 342 4300 371 4348; x_wconf 89' lang='lat' dir='ltr'><strong>ct</strong></span> <span class='ocrx_word' id='word_1_473' title='bbox 386 4294 502 4347; x_wconf 87' lang='lat' dir='ltr'><strong>lectione</strong></span> <span class='ocrx_word' id='word_1_474' title='bbox 513 4294 559 4347; x_wconf 87' lang='lat' dir='ltr'><strong>illa</strong></span> <span class='ocrx_word' id='word_1_475' title='bbox 570 4309 639 4361; x_wconf 87' lang='lat' dir='ltr'><strong>pene</strong></span> <span class='ocrx_word' id='word_1_476' title='bbox 650 4294 773 4362; x_wconf 89' lang='lat' dir='ltr'><strong>improba</strong></span> <span class='ocrx_word' id='word_1_477' title='bbox 784 4293 864 4346; x_wconf 91' lang='lat' dir='ltr'><strong>nimis</strong></span> <span class='ocrx_word' id='word_1_478' title='bbox 875 4292 965 4346; x_wconf 89' lang='lat' dir='ltr'><strong>adhuc</strong></span> <span class='ocrx_word' id='word_1_479' title='bbox 982 4294 1139 4359; x_wconf 88' lang='lat' dir='ltr'><strong>destitutus,</strong></span> <span class='ocrx_word' id='word_1_480' title='bbox 1149 4292 1260 4348; x_wconf 77' lang='lat' dir='ltr'><strong>&#39;nodum</strong></span> 
     </span>
     <span class='ocr_line' id='line_1_48' title="bbox 165 4374 1263 4447; baseline 0.001 -20"><span class='ocrx_word' id='word_1_481' title='bbox 165 4374 208 4428; x_wconf 85' lang='lat' dir='ltr'><strong>llic</strong></span> <span class='ocrx_word' id='word_1_482' title='bbox 218 4378 390 4431; x_wconf 86' lang='lat' dir='ltr'><strong>inveniebam</strong></span> <span class='ocrx_word' id='word_1_483' title='bbox 403 4382 432 4430; x_wconf 89' lang='lat' dir='ltr'><strong>et</strong></span> <span class='ocrx_word' id='word_1_484' title='bbox 444 4378 478 4431; x_wconf 90' lang='lat' dir='ltr'><strong>de</strong></span> <span class='ocrx_word' id='word_1_485' title='bbox 489 4377 640 4431; x_wconf 87' lang='lat' dir='ltr'><strong>mutatione</strong></span> <span class='ocrx_word' id='word_1_486' title='bbox 651 4377 816 4446; x_wconf 80' lang='lat' dir='ltr'><strong>cogitabam.</strong></span> <span class='ocrx_word' id='word_1_487' title='bbox 832 4378 962 4447; x_wconf 72' lang='grc' dir='ltr'><strong><em>παρήεαη</em></strong></span> <span class='ocrx_word' id='word_1_488' title='bbox 978 4377 1160 4445; x_wconf 62' lang='lat' dir='ltr'><strong>niterentur,</strong></span> <span class='ocrx_word' id='word_1_489' title='bbox 1175 4378 1263 4430; x_wconf 88' lang='lat' dir='ltr'><strong>notis·</strong></span> 
     </span>
    </p>
   </div>
   <div class='ocr_carea' id='block_1_7' title="bbox 166 4457 1261 4588">
    <p class='ocr_par' dir='ltr' id='par_1_7' title="bbox 166 4457 1261 4588">
     <span class='ocr_line' id='line_1_49' title="bbox 166 4457 1261 4532; baseline -0.001 -22"><span class='ocrx_word' id='word_1_490' title='bbox 166 4458 234 4511; x_wconf 86' lang='lat' dir='ltr'><strong>aima</strong></span> <span class='ocrx_word' id='word_1_491' title='bbox 243 4459 311 4513; x_wconf 84' lang='lat' dir='ltr'><strong>toret</strong></span> <span class='ocrx_word' id='word_1_492' title='bbox 321 4460 451 4532; x_wconf 83' lang='lat' dir='ltr'><strong>loquendi</strong></span> <span class='ocrx_word' id='word_1_493' title='bbox 463 4460 557 4518; x_wconf 83' lang='lat' dir='ltr'><strong>torma.</strong></span> <span class='ocrx_word' id='word_1_494' title='bbox 594 4458 694 4513; x_wconf 85' lang='lat' dir='ltr'><strong>Obstat</strong></span> <span class='ocrx_word' id='word_1_495' title='bbox 705 4464 799 4514; x_wconf 85' lang='lat' dir='ltr'><strong>tamen</strong></span> <span class='ocrx_word' id='word_1_496' title='bbox 814 4464 915 4514; x_wconf 84' lang='lat' dir='ltr'><strong>nostrae</strong></span> <span class='ocrx_word' id='word_1_497' title='bbox 931 4458 1097 4528; x_wconf 81' lang='lat' dir='ltr'><strong>conjecturae</strong></span> <span class='ocrx_word' id='word_1_498' title='bbox 1106 4465 1135 4512; x_wconf 88' lang='lat' dir='ltr'><strong>et</strong></span> <span class='ocrx_word' id='word_1_499' title='bbox 1147 4458 1220 4513; x_wconf 86' lang='lat' dir='ltr'><strong>rocis</strong></span> <span class='ocrx_word' id='word_1_500' title='bbox 1230 4457 1261 4510; x_wconf 88' lang='lat' dir='ltr'><strong>in</strong></span> 
     </span>
     <span class='ocr_line' id='line_1_50' title="bbox 201 4553 749 4588; baseline 0.007 -4"><span class='ocrx_word' id='word_1_501' title='bbox 201 4553 258 4587; x_wconf 71' lang='lat' dir='ltr'><strong>vol..</strong></span> <span class='ocrx_word' id='word_1_502' title='bbox 273 4555 314 4588; x_wconf 85' lang='lat' dir='ltr'><strong>lll.</strong></span> <span class='ocrx_word' id='word_1_503' title='bbox 733 4558 749 4588; x_wconf 69' lang='grc' dir='ltr'><strong><em>Τ</em></strong></span> 
     </span>
    </p>
   </div>
   <div class='ocr_carea' id='block_1_8' title="bbox 0 0 1528 4975">
    <p class='ocr_par' dir='ltr' id='par_1_8' title="bbox 0 0 1528 4975">
     <span class='ocr_line' id='line_1_51' title="bbox 0 0 1528 4975; baseline 0 0"><span class='ocrx_word' id='word_1_504' title='bbox 0 0 1528 4975; x_wconf 95' lang='lat' dir='ltr'><strong> </strong></span> 
     </span>
    </p>
   </div>
  </div>
 </body>
</html>
