3042 4975
484 586 969 728 r.nAYL0n1

466 773 469 788 ⁵
535 791 904 902 ”numenoio

721 1049 760 1088 tn

226 1210 690 1356 ORATIONEM·
727 1125 1262 1321 DEMOSTHENIS

445 1463 645 1532 CONTRA
671 1462 1050 1534 ANDROTIONEM.

195 1667 383 1742 §equinus
396 1662 503 1723 Oratio
514 1662 653 1742 imprimis
665 1663 775 1724 diserta
787 1672 817 1722 et
832 1663 960 1742 elegans,
971 1672 1012 1733 et,
1024 1663 1049 1722 si
1059 1665 1190 1742 antiquis
1202 1667 1292 1744 rosp-

198 1756 401 1818 strisoredere
415 1755 460 1820 tes
478 1756 527 1828 sit,
547 1776 604 1816 nou
627 1757 690 1816 sine
710 1755 898 1816 aemulatione
911 1766 942 1814 et
955 1756 1064 1833 ingenii
1078 1758 1207 1834 quodam
1221 1777 1290 1816 oon·

199 1851 330 1910 tentione
344 1849 504 1908 eleborata.
547 1848 693 1910 Androtio
707 1840 797 1919 eninr‘,
812 1851 828 1906 ὁ
845 1853 966 1930 φεύγων,
982 1868 1019 1907 ex
1033 1849 1172 1908 isocratis
1193 1851 1291 1910 seboin

198 1952 230 2002 ot
243 1941 400 2018 disciplina
414 1939 577 2017 profectus,
591 1961 702 2001 summe
717 1951 780 2000 erat
798 1941 874 2000 inter
889 1941 1053 2000 isocrateos
1068 1942 1248 2014 celebritate,
1262 1952 1292 2000 et
1388 1983 1392 1989 »

198 2033 356 2096 maximam
366 2032 461 2092 aetatis
473 2041 588 2110 partem
600 2032 628 2092 in
640 2025 705 2092 foro
718 2042 748 2092 et
758 2032 877 2092 dicendi
888 2051 941 2090 usu
952 2041 1145 2109 transegerat,
1155 2041 1187 2090 ut
1195 2042 1292 2092 namt

200 2126 345 2206 Ulpianus
358 2125 397 2184 nd
413 2124 500 2202 hujus
515 2125 655 2188 orationis
669 2127 690 2187 i.
702 2123 741 2198 β’.
774 2124 830 2183 Cui
845 2123 1022 2200 conjungere
1036 2124 1109 2183 libet
1122 2123 1188 2183 lino
1202 2125 1292 2186 verba

199 2217 374 2278 scholiastae
391 2216 592 2294 Hermogenis,
606 2235 675 2294 pag.
689 2223 759 2276 sot.
781 2215 956 2294 Ἰσοκράτους
968 2218 1097 2293 μαθητήν
1109 2212 1182 2274 εἶναι
1195 2219 1293 2290 λέγων

199 2334 245 2370 σιν
258 2307 460 2388 ῘΑνδροτίωνα,
475 2309 520 2364 eat
539 2305 584 2378 ήν,
599 2311 635 2375 ὥς
655 2317 739 2384 φησιν
755 2309 772 2364 ὁ
790 2308 890 2385 ῥήτωρ,
905 2307 1035 2385 τεχνίτης
1049 2316 1098 2366 τοῦ
1110 2311 1218 2382 λέγειν.
1231 2309 1293 2366 ἔτε-

197 2401 328 2471 τήδεοσεν
350 2397 400 2459 οὖν
421 2397 634 2479 άΔημοσθένης
654 2401 915 2478 κεκαλλωπισμένον
934 2399 1111 2478 ἐργάσασθαι
1133 2399 1200 2458 τὸν
1219 2403 1294 2460 κατ’

196 2494 337 2571 Ἀνδροτ
346 2498 457 2565 leesor,
476 2494 771 2573 ἀντιφιλοτιμούμενος
784 2493 855 2570 πρὸς
869 2492 1032 2570 Ἰσοκράτην
1044 2493 1144 2571 ῥήτορα
1158 2494 1292 2571 παράσοις

199 2589 391 2671 ἐπιχρώμενον
406 2590 477 2643 eard
494 2589 579 2656 ζῆλον
600 2591 647 2644 τοῦ
669 2584 846 2644 διδασκάλω.
890 2583 996 2660 Neque
1017 2603 1035 2643 a
1053 2604 1108 2643 suo
1125 2584 1292 2661 expositore

199 2678 334 2740 dissentit
348 2678 549 2753 Hermogenes
564 2678 625 2753 ipse
643 2696 708 2753 oap.
722 2680 785 2753 περὶ
797 2680 990 2758 Ἐεσιμελεὶας,
1006 2675 1058 2751 qui
1071 2675 1158 2734 etiam
1172 2674 1293 2753 θεωρίαν

200 2792 292 2843 suom,
308 2770 368 2831 sive
382 2768 652 2829 commentariolum
667 2768 704 2828 ad
722 2767 798 2827 hanc
813 2769 986 2839 orationem,
996 2767 1061 2844 jam
1075 2777 1173 2826 autem
1188 2768 1293 2846 deper-

201 2866 306 2936 ditum,
320 2862 349 2919 in
364 2860 421 2922 isto
436 2863 501 2921 ioco
516 2868 738 2921 commemoret.
780 2860 891 2919 Locum
906 2860 994 2920 ride:
1015 2859 1208 2938 Πλεονάζροσι
1223 2860 1295 2941 [σα-
1387 2926 1393 2934 ,

170 2992 173 3001 =
198 2954 340 3033 ρισάισεις]
351 2958 428 3033 παρὰ
440 2960 477 3033 rqi
491 2952 649 3032 Ἰσοκράτει,
658 2955 712 3012 sieri
723 2951 754 3011 δὲ
763 2955 809 3010 rol
819 2958 896 3031 παρὰ
905 2956 944 3032 τῷ
954 2954 1047 3031 ῥήτορι
1058 2950 1165 3037 -ῑοῖόν
1177 2954 1295 3013 ἐστικαὶ

203 3048 245 3119 τὸ,
257 3052 291 3129 τῇ
306 3072 334 3107 τε
353 3050 432 3105 πόλει
447 3045 597 3121 βοηθεῖν
616 3048 702 3105 οἴεται
716 3045 800 3115 δεῖν,
815 3048 861 3103 καὶ
874 3044 951 3118 δίκην
967 3047 1037 3125 ὑπὲρ
1054 3048 1140 3106 αὑτοῦ
1153 3044 1295 3119 λαβεῖν,
1331 3082 1338 3093 ·

203 3148 284 3201 τοῦτο
299 3142 376 3217 κη’γὼ
386 3141 554 3220 πειράσομαι
564 3149 658 3203 ποιεῖ
666 3166 692 3201 ν.
701 3140 833 3210 τοιαάτην
843 3143 899 3217 γὰρ
907 3145 1075 3218 παράαωσιν,
1085 3143 1132 3199 rui
1139 3141 1225 3205 οὕτως
1236 3140 1297 3199 irs-

203 3234 402 3313 rrrqdeope'qu
415 3233 548 3313 οὐδεμίαν
561 3236 650 3311 εὑρεῖν
662 3237 760 3313 ἑτέραν
774 3230 879 3311 ἔχομεν
898 3234 976 3311 παρά
996 3258 1029 3308 γε
1050 3238 1088 3313 τῷ
1102 3234 1205 3311 ῥήτορι.
1218 3235 1296 3293 άλλά

202 3331 252 3397 τήν
262 3324 315 3405 μὲν
325 3330 430 3399 αἰτίαν,
441 3325 474 3385 δι’
486 3332 518 3397 iis
526 3325 650 3387 ἐνταῦθα
661 3325 840 3395 ἐπετήδευσεν
849 3325 920 3383 οὕτω
928 3329 1134 3405 κεκοσμημένον
1141 3327 1298 3403 προσκάρως

201 3418 353 3493 τὸνλόγον
367 3416 453 3485 etrite
472 3418 504 3476 ἕν
517 3424 761 3497 προκαταρκτικοῖς
775 3413 989 3493 παρασχέσθω,
1003 3414 1172 3492 θεωροῦντες
1185 3416 1235 3477 τάν
1247 3420 1296 3476 λά·

203 3536 257 3587 γον
270 3510 354 3571 αὐτὸν
368 3512 418 3571 τὸν
432 3514 491 3569 κατ’
503 3511 704 3589 Ἀνδροτίωνος
719 3511 874 3589 εἰρήκαμεν.

243 3604 318 3662 iilud
333 3604 479 3682 singulare
494 3604 584 3665 hebet
599 3602 795 3672 Androtieae,
810 3601 894 3680 qnod
911 3603 941 3661 in
962 3610 1027 3666 toto
1046 3621 1171 3681 corpore
1186 3604 1297 3663 Demo·

203 3694 337 3755 stireniuo
351 3696 430 3757 nulia
443 3696 481 3755 sit
494 3696 552 3776 alia
565 3706 707 3775 praeterea
717 3694 823 3775 oratio,
832 3697 861 3755 in
877 3714 937 3774 qua
950 3696 1063 3755 Rhetor
1076 3704 1175 3756 noster
1185 3704 1297 3755 tantum

205 3788 262 3847 sibi
278 3789 396 3847 indulsit
411 3790 440 3849 in
450 3810 542 3869 opera
553 3790 739 3859 mutuatioia,
753 3790 842 3860 nullu,
856 3790 958 3868 inqua
971 3789 1100 3866 seipsum
1111 3788 1187 3849 adeo
1198 3788 1298 3851 sedule

209 3881 408 3958 exscripserit.
449 3884 539 3951 Quod
561 3885 667 3962 iegitur
689 3883 717 3943 in
740 3872 925 3943 Androtiana
942 3888 965 3955 t
984 3884 1019 3940 ιε’.
1041 3880 1130 3957 lsrqjus
1150 3882 1298 3957 editionis,

206 3971 302 4053 iisque
315 3974 353 4033 ad
369 3977 395 4047 ἣ.
410 3976 452 4033 ιε’.
468 3977 544 4035 ιοεά.
558 3986 589 4037 et
602 3976 710 4037 deiude
724 3994 793 4053 quoe
806 3976 888 4051 §.effi
904 3974 941 4033 ad
957 3974 1119 4035 orationem
1134 3985 1297 4049 exeuntem,

205 4066 338 4127 versibus
347 4066 467 4125 omnino
480 4075 546 4129 too.
554 4070 693 4129 esomnia
703 4067 890 4147 paucissimis
898 4066 1057 4125 immutatis
1067 4067 1202 4144 leguntur
1210 4071 1298 4129 etiam

205 4160 235 4219 io
249 4157 448 4217 Timocrates.
493 4159 598 4237 Neque
613 4160 642 4221 id
657 4158 781 4220 fortasse
795 4159 909 4231 mirum,
922 4176 989 4218 cunr
1000 4157 1030 4217 in
1044 4158 1093 4227 iila
1105 4168 1137 4219 et
1150 4158 1228 4220 idern
1239 4162 1301 4220 Au·

205 4250 302 4313 droiio
314 4270 390 4329 pene
404 4256 517 4331 φεύγειν
530 4250 655 4324 videtur,
671 4252 856 4329 eundemque
871 4250 1008 4325 idem,‚ut
1024 4250 1054 4312 in
1068 4251 1134 4325 hee,
1148 4256 1299 4331 persequi·
1366 4296 1380 4317 t

207 4353 256 4403 tur
270 4342 431 4404 Diodorus.
474 4342 563 4413 Quod
580 4364 649 4404 vero
666 4343 704 4404 de
725 4364 761 4404 ea
781 4343 971 4403 similitudine
991 4343 1132 4404 admonet
1147 4345 1300 4422 Ulpianus,

207 4436 319 4515 puerile
335 4446 388 4509 est,
406 4436 464 4497 sive
478 4436 580 4517 potius
592 4436 751 4519 piaculare,
767 4436 819 4497 ubi
832 4436 882 4529 ait,
896 4455 974 4498 ιιιιιισ
989 4436 1036 4517 [id
1051 4446 1097 4497 est
1108 4437 1137 4495 in
1150 4436 1301 4497 Timocre-
1335 4462 1339 4467 ·
