3042 4975
213 304 239 376 8
387 276 393 281 ’
483 317 751 387 srnnnrnan
775 320 1028 390 pacsano.

207 479 283 557 jonis
298 479 386 554 lanio,
402 499 491 557 quam
511 480 588 540 hunc
603 481 839 557 homuncionem,
855 481 1032 542 Phocionem
1047 480 1175 541 cientem
1197 479 1308 542 bibisse

211 572 332 651 Olymp.
348 572 442 631 CXV.
454 577 482 631 3.
498 582 527 631 et
548 572 682 644 Midiam,
703 582 777 643 turn,
791 594 858 633 cunr
874 572 1026 642 AEsohines
1043 573 1073 631 in
1091 572 1240 649 judicium
1253 573 1307 631 sd·

210 664 531 740 durtieresiphontem,
540 666 704 743 sc.Olyrnp.
714 665 850 726 extas.
859 676 932 724 teste
942 664 1151 741 ipsoAEschine
1162 666 1192 724 in
1203 665 1308 725 eadem

211 756 355 831 oratione,
369 766 458 833 atque
469 756 555 815 etiarn
568 756 698 827 dolente,
707 756 829 816 desiisse
840 758 1005 816 interrivos
1014 756 1169 815 numerari.
1198 756 1243 815 En
1253 755 1307 815 lli·

212 848 350 908 storieum
359 847 556 926 fidedignntn!
573 849 616 907 En
627 848 719 921 illurn,
726 867 813 925 quens
821 857 928 909 vocant
936 847 1134 909 Plutarchum.
1147 849 1308 909 Tarson.

470 1028 758 1175 sennntnnn
786 1083 1056 1151 PRAEFATIO.

598 1210 618 1251 ΙΙ
747 1208 769 1252 Ι
898 1208 920 1252 G
1010 1247 1014 1259 ,

251 1318 365 1391 Nunc,
386 1327 544 1396 uniloquam
566 1318 603 1383 ad
624 1319 719 1397 ipsum
742 1328 887 1379 oratorem
908 1317 1051 1378 dimittam
1076 1318 1227 1391 lectorem,
1242 1336 1305 1376 noe

211 1400 307 1471 nenda
331 1412 401 1470 mihi
424 1422 493 1471 aunt
516 1412 624 1489 aliqua,
647 1412 783 1473 universe
805 1413 842 1472 ad
869 1413 978 1473 Atticm
1000 1397 1150 1483 orationisi
1165 1422 1196 1471 et
1216 1410 1304 1489 hujus

210 1504 407 1581 potissimum,
418 1505 687 1581 interpretationem
702 1504 878 1583 spectantia.
1252 1502 1271 1517 ”

250 1596 279 1654 Si
294 1597 331 1654 sit
347 1595 498 1671 judicialis
511 1594 616 1666 oratio,
639 1612 727 1673 qnam
750 1595 882 1674 legimns,
897 1603 931 1655 nt
951 1604 997 1655 est
1017 1602 1131 1669 nostra,
1145 1594 1305 1673 compellat

210 1688 382 1764 plerumque
396 1696 495 1746 orator
500 1685 619 1762 judices
629 1706 707 1757 snos,
718 1687 822 1767 ibique
834 1687 915 1765 apnd
926 1687 1043 1746 Atticos
1052 1688 1177 1747 recussit
1188 1706 1304 1765 semper

186 1778 304 1837 'illude
325 1776 461 1858 ὦᾶνδρες
476 1777 614 1850 δικασταὶ,
630 1773 724 1851 uchri
745 1778 845 1859 ἄνδρες
865 1782 1027 1851 Ἀθηναῖοι.
1068 1778 1120 1837 En
1142 1777 1307 1839 locutiones

210 1888 247 1928 ex
270 1870 359 1929 Attici
382 1868 437 1929 l'nri
461 1877 562 1929 nature
582 1880 651 1931 sunt
674 1871 854 1949 repetendre.
894 1870 970 1929 Coos
991 1870 1069 1929 enim
1088 1869 1216 1947 populns
1240 1869 1305 1946 ipse

204 1960 342 2038 judicum
366 1962 471 2022 muniis
499 1964 643 2024 obeundis
666 1963 812 2025 libertatis
832 1981 892 2024 sure
910 1983 995 2023 usum
1022 1970 1185 2039 exerceret,
1197 1962 1307 2021 eodem

209 2052 296 2123 redit,
307 2054 367 2111 sive
379 2053 512 2120 δικαστὰς
523 2054 582 2112 sive
592 2052 914 2131 ’Abarntonnappellet
926 2055 1078 2115 auditores
1092 2062 1202 2111 orstnr.
1232 2053 1305 2112 Non

209 2143 276 2202 loeo
289 2142 381 2203 nobili
393 2144 462 2213 nati,
484 2161 542 2201 non
556 2142 647 2201 literis
661 2153 713 2202 aut
725 2144 824 2220 aliqua
844 2133 990 2202 artificiali
1007 2143 1241 2221 jurisprudentia
1258 2143 1306 2202 in.

209 2235 313 2294 structi
335 2244 419 2293 erant
438 2234 469 2307 ii,
483 2234 534 2312 qui
553 2232 674 2310 judices
688 2232 826 2295 sederent
839 2234 919 2313 apud
937 2234 1154 2306 Atheniensem
1173 2234 1236 2307 sed,
1249 2234 1303 2313 qui

101 2394 103 2399 ,
209 2328 297 2387 homo
318 2336 395 2386 esset
415 2335 446 2387 et
463 2326 547 2403 civis,
568 2327 594 2385 is
623 2326 711 2387 etiam
737 2336 818 2387 recte
838 2326 977 2403 judicare
1001 2346 1088 2405 posse
1113 2327 1303 2388 credebatur.

210 2422 287 2492 Qnse
305 2419 486 2499 judiciorum
511 2420 653 2496 conditio,
673 2429 707 2480 ut
720 2420 878 2499 aequalium
901 2429 1068 2480 nostrorum
1085 2420 1203 2499 aliquot
1215 2418 1303 2492 sutili,

210 2533 298 2592 quarn
318 2514 477 2593 appellant,
501 2509 694 2593 philosophiae
709 2525 739 2574 et
762 2515 871 2574 levitati
894 2514 1102 2574 democraticre
1124 2530 1303 2594 magnopere

208 2605 332 2666 sortasse
358 2604 510 2679 arridebit,
544 2606 585 2666 ita
609 2606 701 2684 magis
734 2606 832 2666 sobrie
858 2605 1136 2684 philosophantibus
1163 2605 1305 2684 pestifera

208 2711 285 2755 verae
297 2695 423 2756 libertati
433 2696 619 2775 justitiaeque
630 2706 661 2757 et
673 2696 765 2757 luisse
779 2706 884 2757 etesse
896 2695 1006 2756 dehere
1022 2696 1180 2756 videbitur.
1220 2699 1303 2756 Prae.

208 2797 253 2848 ter
263 2787 423 2849 Consilium
437 2789 466 2849 in
482 2789 564 2850 Colle
576 2789 687 2849 Martio
697 2793 759 2864 (τὴν
773 2791 805 2850 ἐν
819 2795 918 2870 Ἀρείῳ
933 2789 1019 2870 πάγῳ
1027 2787 1153 2864 βουλὴν)
1166 2791 1247 2870 quod
1256 2807 1304 2849 so·

209 2879 278 2953 inm,
293 2881 380 2941 etiam
400 2891 470 2960 post
482 2879 603 2940 Periclis
621 2881 882 2941 circumscribendi
895 2880 961 2958 ejus
979 2881 1134 2941 conamina
1147 2881 1303 2958 haudqua-

209 2991 298 3050 quam
322 2972 413 3044 irrita‚
436 2971 608 3051 dignitatem
630 2972 758 3051 aliquam
787 2973 993 3048 conservabat,
1017 2972 1121 3032 decern
1141 2971 1198 3033 alia
1218 2971 1332 3033 erant'

208 3063 375 3135 tribunalia,
391 3083 515 3143 quornm
531 3074 659 3142 quatuor
671 3064 770 3124 naedes
784 3083 844 3124 non
858 3065 993 3124 consulto
1007 3064 1103 3124 luctas
1113 3063 1303 3140 judicabant,

208 3157 307 3237 paullo
330 3157 433 3233 majori
457 3156 610 3236 diligentis
631 3156 745 3217 delecta
760 3157 818 3226 illa,
837 3172 934 3233 neque
949 3174 1028 3215 mera
1042 3164 1120 3216 sorte
1138 3154 1226 3218 dats:
1249 3175 1301 3216 sea

206 3261 304 3312 autern
315 3251 353 3312 de
365 3249 499 3310 civilibus
507 3249 602 3310 causis
611 3249 841 3328 cognoscebant,
849 3251 880 3307 in
891 3248 999 3326 quibus
1009 3248 1113 3310 levitas
1123 3258 1154 3309 et
1167 3249 1302 3328 nequitis

207 3343 427 3403 Atheniensium
436 3342 623 3420 grassabatur
632 3343 660 3401 in
672 3341 782 3421 primis.
799 3341 912 3400 Horum
917 3339 1037 3416 judices
1046 3350 1126 3402 sorte
1139 3342 1298 3420 capieban-

208 3445 256 3496 tur
268 3435 457 3512 omninmque
474 3433 610 3493 ordinum
631 3433 745 3494 civibus
760 3441 800 3494 30
813 3451 907 3492 annos
920 3431 996 3492 natis
1007 3431 1104 3493 aditus
1115 3433 1154 3494 ad
1169 3453 1203 3494 ea
1217 3443 1300 3513 pate·

207 3527 268 3590 bat.
290 3526 509 3586 Nobilissimum
519 3545 620 3586 eorum
630 3535 692 3586 crat
703 3525 904 3598 'Hicetnnon
915 3542 1030 3601 semper
1040 3525 1146 3584 eodem
1159 3537 1299 3587 constans

206 3621 278 3681 illud
288 3618 425 3697 judicum
440 3637 563 3678 numero
575 3619 643 3694 (etsi
665 3617 775 3695 proprii
788 3619 853 3694 ejus
872 3610 1028 3678 tribunalis
1040 3625 1124 3676 erant
1145 3617 1299 3695 quingenti

203 3711 394 3790 jndices)aed
410 3710 578 3782 auctum,in
594 3708 755 3785 majoribus
778 3709 884 3780 causis,
908 3708 1033 3768 aliorum
1052 3706 1236 3784 judiciorum
1250 3727 1300 3769 ac·

206 3802 348 3874 cessione,
360 3821 418 3879 qna
435 3803 546 3863 ratione
563 3801 606 3860 bis
626 3801 702 3860 mille
716 3800 862 3860 interdum
883 3799 1025 3866 sedebant
1033 3798 1166 3876 judices.
1206 3801 1299 3879 Apud

206 3897 260 3957 bos
281 3911 399 3953 causam
414 3894 521 3953 dixisse
546 3894 695 3952 Socratem
719 3892 869 3968 ingeniose
890 3890 1020 3970 disputat
1045 3891 1247 3968 Bugtnvillius
1267 3892 1298 3953 in

206 3983 430 4046 Commentariis
445 3985 612 4044 Academiae
626 3983 766 4046 hornarum
780 3983 928 4044 literarum
946 3981 1073 4042 Gatttcoe
1086 3981 1124 4041 V.
1138 3989 1189 4044 18.
1204 4001 1233 4060 p.
1248 3988 1299 4047 87.
1374 3985 1384 3996 ‘
1510 3955 1517 4015 i

205 4079 280 4140 Cum
299 4076 401 4158 itaqua
420 4073 539 4152 jndices
560 4077 590 4135 in
613 4075 797 4139 orationibus
817 4073 1003 4152 appellantur
1023 4073 1122 4153 ἄνδρες
1142 4075 1299 4148 Ἀθηναῖοι,

203 4171 297 4251 probe
310 4169 340 4230 id
354 4166 591 4246 distinguendum
604 4178 651 4228 est
663 4167 701 4226 ab
715 4167 808 4245 ipsius
823 4165 929 4244 populi
943 4164 1071 4237 nomine,
1086 4165 1139 4244 qni
1151 4165 1299 4227 interdum
1347 4163 1350 4169 ’

204 4263 284 4323 bisoe
303 4261 413 4334 diserte
426 4258 594 4338 opponitur,
611 4267 642 4318 ut
665 4259 693 4318 in
708 4267 809 4322 nostra
830 4265 853 4328 t.
877 4259 934 4335 μυί.
957 4257 1044 4335 ὅσων,
1065 4262 1299 4339 καταχειροτονή-

203 4378 306 4422 σαντος
320 4360 368 4414 τοῦ
382 4359 402 4391 “
411 4351 525 4433 dipod',
539 4353 617 4431 ὑμεῖς
630 4354 818 4428 nannetem
834 4357 884 4410 “u
908 4349 1007 4429 ἄνδρες
1019 4349 1201 4432 Ἀθηγαῶι.”
1241 4352 1299 4411 Po·

201 4447 289 4527 putus
299 4444 359 4518 illc,
375 4455 420 4506 est
434 4443 540 4506 concio
557 4444 724 4522 (testante).
753 4439 962 4521 chudioibns
974 4441 1198 4508 Atheniensium
1213 4442 1298 4510 loeus
