<?xml version="1.0" encoding="UTF-8"?>
<!DOCTYPE html PUBLIC "-//W3C//DTD XHTML 1.0 Transitional//EN"
    "http://www.w3.org/TR/xhtml1/DTD/xhtml1-transitional.dtd">
<html xmlns="http://www.w3.org/1999/xhtml" xml:lang="en" lang="en">
 <head>
  <title>
</title>
<meta http-equiv="Content-Type" content="text/html;charset=utf-8" />
  <meta name='ocr-system' content='tesseract 3.04.00' />
  <meta name='ocr-capabilities' content='ocr_page ocr_carea ocr_par ocr_line ocrx_word'/>
</head>
<body>
  <div class='ocr_page' id='page_1' title='image "./demosthenisetsc04dupogoog_0147.png"; bbox 0 0 3042 4975; ppageno 0'>
   <div class='ocr_carea' id='block_1_1' title="bbox 502 291 1280 423">
    <p class='ocr_par' dir='ltr' id='par_1_1' title="bbox 502 291 1280 423">
     <span class='ocr_line' id='line_1_1' title="bbox 502 291 1280 423; baseline -0.003 -3"><span class='ocrx_word' id='word_1_1' title='bbox 502 351 566 422; x_wconf 84' lang='lat' dir='ltr'><strong>DE</strong></span> <span class='ocrx_word' id='word_1_2' title='bbox 588 351 756 423; x_wconf 70' lang='lat' dir='ltr'><strong>onice.</strong></span> <span class='ocrx_word' id='word_1_3' title='bbox 780 351 958 420; x_wconf 77' lang='lat' dir='ltr'>DODON.</span> <span class='ocrx_word' id='word_1_4' title='bbox 1202 291 1280 418; x_wconf 72' lang='lat' dir='ltr'><strong>i35</strong></span> 
     </span>
    </p>
   </div>
   <div class='ocr_carea' id='block_1_2' title="bbox 176 512 1283 668">
    <p class='ocr_par' dir='ltr' id='par_1_2' title="bbox 176 512 1283 668">
     <span class='ocr_line' id='line_1_2' title="bbox 222 512 1282 586; baseline 0.005 -18"><span class='ocrx_word' id='word_1_5' title='bbox 222 512 324 568; x_wconf 72' lang='lat' dir='ltr'><strong>veru·</strong></span> <span class='ocrx_word' id='word_1_6' title='bbox 340 529 416 571; x_wconf 89' lang='lat' dir='ltr'><strong>nuno</strong></span> <span class='ocrx_word' id='word_1_7' title='bbox 430 517 554 582; x_wconf 82' lang='lat' dir='ltr'><strong>tsndem,</strong></span> <span class='ocrx_word' id='word_1_8' title='bbox 569 531 620 586; x_wconf 84' lang='lat' dir='ltr'><strong>per</strong></span> <span class='ocrx_word' id='word_1_9' title='bbox 633 519 739 586; x_wconf 69' lang='grc' dir='ltr'><strong>ὕπερον</strong></span> <span class='ocrx_word' id='word_1_10' title='bbox 749 515 884 586; x_wconf 64' lang='grc' dir='ltr'><strong>πρότερον,</strong></span> <span class='ocrx_word' id='word_1_11' title='bbox 901 515 1042 585; x_wconf 85' lang='lat' dir='ltr'><strong>adipsum</strong></span> <span class='ocrx_word' id='word_1_12' title='bbox 1053 517 1159 570; x_wconf 83' lang='lat' dir='ltr'><strong>orannil</strong></span> <span class='ocrx_word' id='word_1_13' title='bbox 1173 517 1282 573; x_wconf 83' lang='lat' dir='ltr'><strong>initium</strong></span> 
     </span>
     <span class='ocr_line' id='line_1_3' title="bbox 176 596 1283 668; baseline 0.003 -18"><span class='ocrx_word' id='word_1_14' title='bbox 176 602 383 668; x_wconf 71' lang='lat' dir='ltr'><strong>-oonrertamun</strong></span> <span class='ocrx_word' id='word_1_15' title='bbox 419 599 477 652; x_wconf 89' lang='lat' dir='ltr'><strong>Hie</strong></span> <span class='ocrx_word' id='word_1_16' title='bbox 488 615 543 652; x_wconf 92' lang='lat' dir='ltr'><strong>non</strong></span> <span class='ocrx_word' id='word_1_17' title='bbox 552 600 677 663; x_wconf 85' lang='lat' dir='ltr'><strong>deerunt,</strong></span> <span class='ocrx_word' id='word_1_18' title='bbox 687 599 736 667; x_wconf 87' lang='lat' dir='ltr'><strong>qni</strong></span> <span class='ocrx_word' id='word_1_19' title='bbox 747 597 815 652; x_wconf 92' lang='lat' dir='ltr'><strong>illud</strong></span> <span class='ocrx_word' id='word_1_20' title='bbox 827 597 905 650; x_wconf 70' lang='lat' dir='ltr'><strong>desis</strong></span> <span class='ocrx_word' id='word_1_21' title='bbox 915 596 1004 651; x_wconf 76' lang='lat' dir='ltr'><strong>nosse</strong></span> <span class='ocrx_word' id='word_1_22' title='bbox 1015 612 1073 651; x_wconf 88' lang='lat' dir='ltr'><strong>nou</strong></span> <span class='ocrx_word' id='word_1_23' title='bbox 1083 598 1223 653; x_wconf 86' lang='lat' dir='ltr'><strong>eanaalem</strong></span> <span class='ocrx_word' id='word_1_24' title='bbox 1232 599 1283 653; x_wconf 77' lang='lat' dir='ltr'><strong>sed</strong></span> 
     </span>
    </p>
   </div>
   <div class='ocr_carea' id='block_1_3' title="bbox 180 679 1287 1816">
    <p class='ocr_par' dir='ltr' id='par_1_3' title="bbox 180 679 1287 1816">
     <span class='ocr_line' id='line_1_4' title="bbox 181 679 1282 750; baseline 0.001 -17"><span class='ocrx_word' id='word_1_25' title='bbox 181 680 419 734; x_wconf 79' lang='lat' dir='ltr'><strong>uarmtirsmoese</strong></span> <span class='ocrx_word' id='word_1_26' title='bbox 429 679 592 750; x_wconf 72' lang='lat' dir='ltr'><strong>particulam</strong></span> <span class='ocrx_word' id='word_1_27' title='bbox 604 680 730 742; x_wconf 84' lang='lat' dir='ltr'><strong>erodant;</strong></span> <span class='ocrx_word' id='word_1_28' title='bbox 746 679 830 748; x_wconf 85' lang='lat' dir='ltr'><strong>hique</strong></span> <span class='ocrx_word' id='word_1_29' title='bbox 840 694 944 744; x_wconf 78' lang='lat' dir='ltr'><strong>vereor,</strong></span> <span class='ocrx_word' id='word_1_30' title='bbox 959 695 995 731; x_wconf 87' lang='lat' dir='ltr'><strong>no</strong></span> <span class='ocrx_word' id='word_1_31' title='bbox 1005 679 1190 734; x_wconf 75' lang='lat' dir='ltr'><strong>emendationi</strong></span> <span class='ocrx_word' id='word_1_32' title='bbox 1201 695 1282 746; x_wconf 83' lang='lat' dir='ltr'><strong>mese,</strong></span> 
     </span>
     <span class='ocr_line' id='line_1_5' title="bbox 181 759 1285 832; baseline 0.002 -18"><span class='ocrx_word' id='word_1_33' title='bbox 181 761 257 814; x_wconf 65' lang='lat' dir='ltr'><strong>basa</strong></span> <span class='ocrx_word' id='word_1_34' title='bbox 270 764 371 828; x_wconf 74' lang='lat' dir='ltr'><strong>miros,</strong></span> <span class='ocrx_word' id='word_1_35' title='bbox 381 779 438 832; x_wconf 85' lang='lat' dir='ltr'><strong>pree</strong></span> <span class='ocrx_word' id='word_1_36' title='bbox 451 761 513 815; x_wconf 85' lang='lat' dir='ltr'><strong>aliis</strong></span> <span class='ocrx_word' id='word_1_37' title='bbox 523 762 641 816; x_wconf 76' lang='lat' dir='ltr'><strong>iuverant.</strong></span> <span class='ocrx_word' id='word_1_38' title='bbox 669 763 809 815; x_wconf 79' lang='lat' dir='ltr'><strong>claudent</strong></span> <span class='ocrx_word' id='word_1_39' title='bbox 818 759 894 813; x_wconf 86' lang='lat' dir='ltr'><strong>enim</strong></span> <span class='ocrx_word' id='word_1_40' title='bbox 904 775 973 814; x_wconf 82' lang='lat' dir='ltr'><strong>sooe</strong></span> <span class='ocrx_word' id='word_1_41' title='bbox 984 764 1087 829; x_wconf 69' lang='grc' dir='ltr'><strong>θεωρίας</strong></span> <span class='ocrx_word' id='word_1_42' title='bbox 1098 763 1213 830; x_wconf 85' lang='lat' dir='ltr'><strong>primaru</strong></span> <span class='ocrx_word' id='word_1_43' title='bbox 1223 762 1285 816; x_wconf 79' lang='lat' dir='ltr'><strong>tire·</strong></span> 
     </span>
     <span class='ocr_line' id='line_1_6' title="bbox 182 841 1283 911; baseline 0.004 -17"><span class='ocrx_word' id='word_1_44' title='bbox 182 842 226 894; x_wconf 86' lang='lat' dir='ltr'><strong>aiu</strong></span> <span class='ocrx_word' id='word_1_45' title='bbox 238 847 267 895; x_wconf 89' lang='lat' dir='ltr'><strong>et</strong></span> <span class='ocrx_word' id='word_1_46' title='bbox 278 844 314 897; x_wconf 85' lang='lat' dir='ltr'><strong>od</strong></span> <span class='ocrx_word' id='word_1_47' title='bbox 328 843 399 897; x_wconf 80' lang='lat' dir='ltr'><strong>hene</strong></span> <span class='ocrx_word' id='word_1_48' title='bbox 416 849 491 896; x_wconf 84' lang='lat' dir='ltr'><strong>reete</strong></span> <span class='ocrx_word' id='word_1_49' title='bbox 506 859 555 911; x_wconf 86' lang='lat' dir='ltr'><strong>per</strong></span> <span class='ocrx_word' id='word_1_50' title='bbox 567 847 639 896; x_wconf 76' lang='lat' dir='ltr'><strong>lvere</strong></span> <span class='ocrx_word' id='word_1_51' title='bbox 651 845 743 897; x_wconf 75' lang='lat' dir='ltr'><strong>seiros</strong></span> <span class='ocrx_word' id='word_1_52' title='bbox 758 842 858 910; x_wconf 85' lang='lat' dir='ltr'><strong>sespioi</strong></span> <span class='ocrx_word' id='word_1_53' title='bbox 869 841 993 896; x_wconf 76' lang='lat' dir='ltr'><strong>mederet.</strong></span> <span class='ocrx_word' id='word_1_54' title='bbox 1027 843 1071 896; x_wconf 83' lang='lat' dir='ltr'><strong>Ba</strong></span> <span class='ocrx_word' id='word_1_55' title='bbox 1082 848 1174 898; x_wconf 85' lang='lat' dir='ltr'><strong>tamen</strong></span> <span class='ocrx_word' id='word_1_56' title='bbox 1182 843 1231 898; x_wconf 77' lang='lat' dir='ltr'><strong>ris</strong></span> <span class='ocrx_word' id='word_1_57' title='bbox 1241 843 1283 898; x_wconf 85' lang='lat' dir='ltr'><strong>iu-</strong></span> 
     </span>
     <span class='ocr_line' id='line_1_7' title="bbox 180 924 1285 994; baseline 0 -16"><span class='ocrx_word' id='word_1_58' title='bbox 180 925 285 978; x_wconf 85' lang='lat' dir='ltr'><strong>eedere</strong></span> <span class='ocrx_word' id='word_1_59' title='bbox 303 925 398 978; x_wconf 87' lang='lat' dir='ltr'><strong>nolim.</strong></span> <span class='ocrx_word' id='word_1_60' title='bbox 434 925 571 994; x_wconf 76' lang='lat' dir='ltr'><strong>Displicet</strong></span> <span class='ocrx_word' id='word_1_61' title='bbox 590 926 682 978; x_wconf 85' lang='lat' dir='ltr'><strong>statim</strong></span> <span class='ocrx_word' id='word_1_62' title='bbox 704 924 865 991; x_wconf 72' lang='lat' dir='ltr'><strong>asyndeton,</strong></span> <span class='ocrx_word' id='word_1_63' title='bbox 881 925 958 993; x_wconf 88' lang='lat' dir='ltr'><strong>quod</strong></span> <span class='ocrx_word' id='word_1_64' title='bbox 976 925 1016 978; x_wconf 86' lang='lat' dir='ltr'><strong>sio</strong></span> <span class='ocrx_word' id='word_1_65' title='bbox 1033 925 1236 994; x_wconf 76' lang='lat' dir='ltr'><strong>interprisum</strong></span> <span class='ocrx_word' id='word_1_66' title='bbox 1254 931 1285 979; x_wconf 89' lang='lat' dir='ltr'><strong>et</strong></span> 
     </span>
     <span class='ocr_line' id='line_1_8' title="bbox 181 1005 1284 1074; baseline 0.001 -16"><span class='ocrx_word' id='word_1_67' title='bbox 181 1005 336 1059; x_wconf 68' lang='lat' dir='ltr'><strong>nonedam</strong></span> <span class='ocrx_word' id='word_1_68' title='bbox 347 1006 437 1060; x_wconf 84' lang='lat' dir='ltr'><strong>thesin</strong></span> <span class='ocrx_word' id='word_1_69' title='bbox 453 1005 612 1059; x_wconf 75' lang='lat' dir='ltr'>intercedit:</span> <span class='ocrx_word' id='word_1_70' title='bbox 630 1008 689 1060; x_wconf 88' lang='lat' dir='ltr'><strong>tum</strong></span> <span class='ocrx_word' id='word_1_71' title='bbox 700 1005 776 1058; x_wconf 78' lang='lat' dir='ltr'><strong>eoois</strong></span> <span class='ocrx_word' id='word_1_72' title='bbox 789 1007 907 1073; x_wconf 71' lang='grc' dir='ltr'><strong>σημαίνει</strong></span> <span class='ocrx_word' id='word_1_73' title='bbox 922 1005 1084 1072; x_wconf 73' lang='lat' dir='ltr'><strong>signidoatio</strong></span> <span class='ocrx_word' id='word_1_74' title='bbox 1095 1005 1137 1058; x_wconf 81' lang='lat' dir='ltr'><strong>iris</strong></span> <span class='ocrx_word' id='word_1_75' title='bbox 1147 1005 1284 1074; x_wconf 83' lang='lat' dir='ltr'><strong>responsis</strong></span> 
     </span>
     <span class='ocr_line' id='line_1_9' title="bbox 181 1086 1283 1159; baseline 0.003 -20"><span class='ocrx_word' id='word_1_76' title='bbox 181 1088 304 1156; x_wconf 83' lang='lat' dir='ltr'><strong>propris,</strong></span> <span class='ocrx_word' id='word_1_77' title='bbox 320 1093 351 1140; x_wconf 87' lang='lat' dir='ltr'><strong>ut</strong></span> <span class='ocrx_word' id='word_1_78' title='bbox 366 1088 459 1141; x_wconf 86' lang='lat' dir='ltr'><strong>ststim</strong></span> <span class='ocrx_word' id='word_1_79' title='bbox 470 1087 498 1140; x_wconf 93' lang='lat' dir='ltr'><strong>in</strong></span> <span class='ocrx_word' id='word_1_80' title='bbox 510 1089 637 1156; x_wconf 73' lang='lat' dir='ltr'><strong>sequenti</strong></span> <span class='ocrx_word' id='word_1_81' title='bbox 648 1088 759 1141; x_wconf 77' lang='lat' dir='ltr'><strong>omento</strong></span> <span class='ocrx_word' id='word_1_82' title='bbox 774 1091 895 1156; x_wconf 73' lang='lat' dir='ltr'><strong>apparet,</strong></span> <span class='ocrx_word' id='word_1_83' title='bbox 915 1095 959 1140; x_wconf 86' lang='lat' dir='ltr'><strong>eat</strong></span> <span class='ocrx_word' id='word_1_84' title='bbox 969 1086 1074 1159; x_wconf 66' lang='lat' dir='ltr'><strong>jubere,</strong></span> <span class='ocrx_word' id='word_1_85' title='bbox 1085 1103 1141 1140; x_wconf 90' lang='lat' dir='ltr'><strong>non</strong></span> <span class='ocrx_word' id='word_1_86' title='bbox 1156 1087 1283 1142; x_wconf 63' lang='lat' dir='ltr'><strong>netem.</strong></span> 
     </span>
     <span class='ocr_line' id='line_1_10' title="bbox 183 1167 1283 1239; baseline 0.001 -17"><span class='ocrx_word' id='word_1_87' title='bbox 183 1168 264 1223; x_wconf 86' lang='lat' dir='ltr'><strong>Nihil</strong></span> <span class='ocrx_word' id='word_1_88' title='bbox 275 1176 366 1224; x_wconf 83' lang='lat' dir='ltr'><strong>temen</strong></span> <span class='ocrx_word' id='word_1_89' title='bbox 379 1170 486 1234; x_wconf 87' lang='lat' dir='ltr'><strong>mirum,</strong></span> <span class='ocrx_word' id='word_1_90' title='bbox 496 1169 616 1222; x_wconf 70' lang='lat' dir='ltr'><strong>librarios</strong></span> <span class='ocrx_word' id='word_1_91' title='bbox 623 1167 752 1236; x_wconf 80' lang='lat' dir='ltr'><strong>junxisse</strong></span> <span class='ocrx_word' id='word_1_92' title='bbox 763 1173 881 1238; x_wconf 71' lang='grc' dir='ltr'><strong>σημαίνει</strong></span> <span class='ocrx_word' id='word_1_93' title='bbox 888 1171 939 1234; x_wconf 71' lang='lat' dir='ltr'><strong>trs,</strong></span> <span class='ocrx_word' id='word_1_94' title='bbox 946 1174 986 1234; x_wconf 85' lang='lat' dir='ltr'><strong>et,</strong></span> <span class='ocrx_word' id='word_1_95' title='bbox 993 1171 1123 1239; x_wconf 82' lang='lat' dir='ltr'><strong>quoniam</strong></span> <span class='ocrx_word' id='word_1_96' title='bbox 1134 1169 1189 1222; x_wconf 78' lang='lat' dir='ltr'><strong>hoe</strong></span> <span class='ocrx_word' id='word_1_97' title='bbox 1198 1170 1283 1225; x_wconf 86' lang='lat' dir='ltr'><strong>modo</strong></span> 
     </span>
     <span class='ocr_line' id='line_1_11' title="bbox 183 1249 1284 1320; baseline 0.002 -17"><span class='ocrx_word' id='word_1_98' title='bbox 183 1251 281 1304; x_wconf 84' lang='lat' dir='ltr'><strong>deesse</strong></span> <span class='ocrx_word' id='word_1_99' title='bbox 293 1251 426 1308; x_wconf 84' lang='lat' dir='ltr'><strong>videretur</strong></span> <span class='ocrx_word' id='word_1_100' title='bbox 436 1249 551 1304; x_wconf 82' lang='lat' dir='ltr'><strong>verbnm</strong></span> <span class='ocrx_word' id='word_1_101' title='bbox 566 1251 716 1320; x_wconf 85' lang='lat' dir='ltr'><strong>imperandi</strong></span> <span class='ocrx_word' id='word_1_102' title='bbox 733 1250 856 1316; x_wconf 85' lang='lat' dir='ltr'><strong>notione,</strong></span> <span class='ocrx_word' id='word_1_103' title='bbox 866 1251 1010 1305; x_wconf 84' lang='lat' dir='ltr'><strong>inseruisse</strong></span> <span class='ocrx_word' id='word_1_104' title='bbox 1020 1250 1089 1305; x_wconf 89' lang='lat' dir='ltr'><strong>illud</strong></span> <span class='ocrx_word' id='word_1_105' title='bbox 1098 1254 1199 1317; x_wconf 76' lang='grc' dir='ltr'><strong>κελεύει,</strong></span> <span class='ocrx_word' id='word_1_106' title='bbox 1207 1249 1284 1320; x_wconf 82' lang='lat' dir='ltr'><strong>quod</strong></span> 
     </span>
     <span class='ocr_line' id='line_1_12' title="bbox 183 1331 1286 1402; baseline 0.002 -18"><span class='ocrx_word' id='word_1_107' title='bbox 183 1331 266 1386; x_wconf 88' lang='lat' dir='ltr'><strong>uneis</strong></span> <span class='ocrx_word' id='word_1_108' title='bbox 275 1338 367 1386; x_wconf 81' lang='lat' dir='ltr'><strong>temen</strong></span> <span class='ocrx_word' id='word_1_109' title='bbox 378 1336 481 1397; x_wconf 87' lang='lat' dir='ltr'><strong>notare,</strong></span> <span class='ocrx_word' id='word_1_110' title='bbox 492 1348 575 1401; x_wconf 87' lang='lat' dir='ltr'><strong>quam</strong></span> <span class='ocrx_word' id='word_1_111' title='bbox 589 1347 696 1402; x_wconf 85' lang='lat' dir='ltr'><strong>prorsus</strong></span> <span class='ocrx_word' id='word_1_112' title='bbox 712 1332 820 1400; x_wconf 79' lang='lat' dir='ltr'><strong>ejicere,</strong></span> <span class='ocrx_word' id='word_1_113' title='bbox 833 1337 908 1386; x_wconf 83' lang='lat' dir='ltr'><strong>reete</strong></span> <span class='ocrx_word' id='word_1_114' title='bbox 919 1333 1017 1387; x_wconf 83' lang='lat' dir='ltr'><strong>maluit</strong></span> <span class='ocrx_word' id='word_1_115' title='bbox 1031 1331 1215 1386; x_wconf 82' lang='lat' dir='ltr'><strong>amieian&#39;mua</strong></span> <span class='ocrx_word' id='word_1_116' title='bbox 1224 1332 1286 1386; x_wconf 87' lang='lat' dir='ltr'><strong>edi·</strong></span> 
     </span>
     <span class='ocr_line' id='line_1_13' title="bbox 182 1414 1285 1489; baseline 0 -21"><span class='ocrx_word' id='word_1_117' title='bbox 182 1418 235 1468; x_wconf 83' lang='lat' dir='ltr'><strong>tor.</strong></span> <span class='ocrx_word' id='word_1_118' title='bbox 254 1414 497 1489; x_wconf 29' lang='lat' dir='ltr'><strong>&#39;Gonjnupendnm</strong></span> <span class='ocrx_word' id='word_1_119' title='bbox 510 1415 592 1483; x_wconf 71' lang='lat' dir='ltr'><strong>igitur</strong></span> <span class='ocrx_word' id='word_1_120' title='bbox 601 1415 867 1484; x_wconf 68' lang='lat' dir='ltr'><strong>appeten-seipsos</strong></span> <span class='ocrx_word' id='word_1_121' title='bbox 875 1415 937 1478; x_wconf 72' lang='lat' dir='ltr'><strong>den..</strong></span> <span class='ocrx_word' id='word_1_122' title='bbox 948 1415 1030 1483; x_wconf 84' lang='lat' dir='ltr'><strong>eujus</strong></span> <span class='ocrx_word' id='word_1_123' title='bbox 1035 1415 1106 1483; x_wconf 87' lang='lat' dir='ltr'><strong>jussi</strong></span> <span class='ocrx_word' id='word_1_124' title='bbox 1115 1414 1187 1468; x_wconf 88' lang='lat' dir='ltr'><strong>ratio</strong></span> <span class='ocrx_word' id='word_1_125' title='bbox 1196 1414 1285 1468; x_wconf 83' lang='lat' dir='ltr'><strong>reddi-</strong></span> 
     </span>
     <span class='ocr_line' id='line_1_14' title="bbox 182 1495 1285 1568; baseline -0.001 -20"><span class='ocrx_word' id='word_1_126' title='bbox 182 1498 231 1548; x_wconf 87' lang='lat' dir='ltr'><strong>tm·</strong></span> <span class='ocrx_word' id='word_1_127' title='bbox 247 1495 338 1549; x_wconf 85' lang='lat' dir='ltr'><strong>verbis</strong></span> <span class='ocrx_word' id='word_1_128' title='bbox 348 1497 608 1568; x_wconf 60' lang='grc' dir='ltr'><strong>ὅτι-παρηνόγκιιτε,</strong></span> <span class='ocrx_word' id='word_1_129' title='bbox 644 1497 698 1550; x_wconf 86' lang='lat' dir='ltr'><strong>Sed</strong></span> <span class='ocrx_word' id='word_1_130' title='bbox 711 1495 796 1564; x_wconf 83' lang='lat' dir='ltr'><strong>quidt</strong></span> <span class='ocrx_word' id='word_1_131' title='bbox 811 1511 904 1549; x_wconf 85' lang='lat' dir='ltr'><strong>annon</strong></span> <span class='ocrx_word' id='word_1_132' title='bbox 920 1497 1094 1550; x_wconf 83' lang='lat' dir='ltr'><strong>invenustam</strong></span> <span class='ocrx_word' id='word_1_133' title='bbox 1112 1497 1153 1550; x_wconf 86' lang='lat' dir='ltr'><strong>sio</strong></span> <span class='ocrx_word' id='word_1_134' title='bbox 1170 1495 1285 1548; x_wconf 84' lang='lat' dir='ltr'><strong>admitto</strong></span> 
     </span>
     <span class='ocr_line' id='line_1_15' title="bbox 182 1575 1286 1648; baseline -0.002 -16"><span class='ocrx_word' id='word_1_135' title='bbox 182 1582 366 1648; x_wconf 72' lang='grc' dir='ltr'><strong>ταυτολογίαν,</strong></span> <span class='ocrx_word' id='word_1_136' title='bbox 386 1579 559 1632; x_wconf 78' lang='lat' dir='ltr'><strong>emendando</strong></span> <span class='ocrx_word' id='word_1_137' title='bbox 578 1578 650 1632; x_wconf 86' lang='lat' dir='ltr'><strong>inira</strong></span> <span class='ocrx_word' id='word_1_138' title='bbox 665 1579 740 1631; x_wconf 62' lang='grc' dir='ltr'><strong><em>ἕνεκα</em></strong></span> <span class='ocrx_word' id='word_1_139' title='bbox 756 1579 858 1630; x_wconf 69' lang='grc' dir='ltr'><strong>τούτου.</strong></span> <span class='ocrx_word' id='word_1_140' title='bbox 900 1577 1084 1631; x_wconf 79' lang='lat' dir='ltr'><strong>Insenustnrn</strong></span> <span class='ocrx_word' id='word_1_141' title='bbox 1106 1577 1159 1630; x_wconf 84' lang='lat' dir='ltr'><strong>lsoo</strong></span> <span class='ocrx_word' id='word_1_142' title='bbox 1178 1576 1238 1630; x_wconf 80' lang='lat' dir='ltr'><strong>sore</strong></span> <span class='ocrx_word' id='word_1_143' title='bbox 1255 1575 1286 1629; x_wconf 88' lang='lat' dir='ltr'><strong>in</strong></span> 
     </span>
     <span class='ocr_line' id='line_1_16' title="bbox 183 1658 1286 1728; baseline -0.001 -16"><span class='ocrx_word' id='word_1_144' title='bbox 183 1659 246 1728; x_wconf 85' lang='lat' dir='ltr'><strong>ipsa</strong></span> <span class='ocrx_word' id='word_1_145' title='bbox 257 1661 377 1728; x_wconf 83' lang='lat' dir='ltr'><strong>quedam</strong></span> <span class='ocrx_word' id='word_1_146' title='bbox 390 1658 583 1714; x_wconf 69' lang='lat' dir='ltr'>Demosthenis</span> <span class='ocrx_word' id='word_1_147' title='bbox 594 1660 716 1714; x_wconf 76' lang='lat' dir='ltr'><strong>untione</strong></span> <span class='ocrx_word' id='word_1_148' title='bbox 727 1660 841 1713; x_wconf 77' lang='lat' dir='ltr'><strong>fortusse</strong></span> <span class='ocrx_word' id='word_1_149' title='bbox 856 1660 1025 1722; x_wconf 68' lang='lat' dir='ltr'><strong>oenoedanu</strong></span> <span class='ocrx_word' id='word_1_150' title='bbox 1043 1661 1216 1727; x_wconf 58' lang='lat' dir='ltr'><strong>ramoque</strong></span> <span class='ocrx_word' id='word_1_151' title='bbox 1228 1671 1286 1711; x_wconf 86' lang='lat' dir='ltr'><strong>non</strong></span> 
     </span>
     <span class='ocr_line' id='line_1_17' title="bbox 185 1741 1287 1816; baseline -0.002 -20"><span class='ocrx_word' id='word_1_152' title='bbox 185 1757 313 1816; x_wconf 69' lang='lat' dir='ltr'><strong>agnosce.</strong></span> <span class='ocrx_word' id='word_1_153' title='bbox 341 1743 480 1796; x_wconf 79' lang='lat' dir='ltr'><strong>Pertieulu</strong></span> <span class='ocrx_word' id='word_1_154' title='bbox 490 1744 539 1806; x_wconf 73' lang='lat' dir='ltr'><strong>in,</strong></span> <span class='ocrx_word' id='word_1_155' title='bbox 550 1742 631 1810; x_wconf 86' lang='lat' dir='ltr'><strong>plane</strong></span> <span class='ocrx_word' id='word_1_156' title='bbox 641 1745 674 1794; x_wconf 85' lang='lat' dir='ltr'><strong>ut</strong></span> <span class='ocrx_word' id='word_1_157' title='bbox 682 1741 817 1794; x_wconf 73' lang='lat' dir='ltr'><strong>Latinum</strong></span> <span class='ocrx_word' id='word_1_158' title='bbox 826 1742 906 1809; x_wconf 69' lang='lat' dir='ltr'><strong>quod,</strong></span> <span class='ocrx_word' id='word_1_159' title='bbox 914 1756 965 1794; x_wconf 87' lang='lat' dir='ltr'><strong>sna</strong></span> <span class='ocrx_word' id='word_1_160' title='bbox 972 1742 1057 1795; x_wconf 77' lang='lat' dir='ltr'><strong>unius</strong></span> <span class='ocrx_word' id='word_1_161' title='bbox 1067 1742 1096 1794; x_wconf 78' lang='lat' dir='ltr'><strong>vi</strong></span> <span class='ocrx_word' id='word_1_162' title='bbox 1104 1756 1162 1795; x_wconf 89' lang='lat' dir='ltr'><strong>non</strong></span> <span class='ocrx_word' id='word_1_163' title='bbox 1170 1745 1215 1794; x_wconf 89' lang='lat' dir='ltr'><strong>eat</strong></span> <span class='ocrx_word' id='word_1_164' title='bbox 1221 1755 1287 1794; x_wconf 81' lang='lat' dir='ltr'><strong>osn-</strong></span> 
     </span>
    </p>
   </div>
   <div class='ocr_carea' id='block_1_4' title="bbox 184 1821 1385 1894">
    <p class='ocr_par' dir='ltr' id='par_1_4' title="bbox 184 1821 1385 1894">
     <span class='ocr_line' id='line_1_18' title="bbox 184 1821 1385 1894; baseline -0.001 -17"><span class='ocrx_word' id='word_1_165' title='bbox 184 1821 923 1894; x_wconf 72' lang='lat' dir='ltr'><strong>sslis,nequesigniliostpnia‚nisireiemtnrsdvooem</strong></span> <span class='ocrx_word' id='word_1_166' title='bbox 932 1822 1286 1892; x_wconf 68' lang='lat' dir='ltr'><strong>ngnffimntempropsma</strong></span> <span class='ocrx_word' id='word_1_167' title='bbox 1381 1843 1385 1848; x_wconf 92' lang='grc'>·</span> 
     </span>
    </p>
   </div>
   <div class='ocr_carea' id='block_1_5' title="bbox 183 1902 1361 2957">
    <p class='ocr_par' dir='ltr' id='par_1_5' title="bbox 184 1902 1287 2464">
     <span class='ocr_line' id='line_1_19' title="bbox 186 1902 1287 1974; baseline -0.003 -15"><span class='ocrx_word' id='word_1_168' title='bbox 186 1905 259 1959; x_wconf 78' lang='lat' dir='ltr'><strong>Eum</strong></span> <span class='ocrx_word' id='word_1_169' title='bbox 268 1905 410 1959; x_wconf 80' lang='lat' dir='ltr'><strong>bseritstis</strong></span> <span class='ocrx_word' id='word_1_170' title='bbox 418 1905 532 1974; x_wconf 87' lang='lat' dir='ltr'><strong>quidem</strong></span> <span class='ocrx_word' id='word_1_171' title='bbox 544 1903 659 1957; x_wconf 75' lang='lat' dir='ltr'><strong>studiosi</strong></span> <span class='ocrx_word' id='word_1_172' title='bbox 671 1903 800 1956; x_wconf 84' lang='lat' dir='ltr'><strong>omittere</strong></span> <span class='ocrx_word' id='word_1_173' title='bbox 811 1902 946 1956; x_wconf 81' lang='lat' dir='ltr'><strong>solemus:</strong></span> <span class='ocrx_word' id='word_1_174' title='bbox 957 1903 1223 1958; x_wconf 76' lang='lat' dir='ltr'><strong>attameniuhtino</strong></span> <span class='ocrx_word' id='word_1_175' title='bbox 1229 1920 1287 1958; x_wconf 85' lang='lat' dir='ltr'><strong>aer·</strong></span> 
     </span>
     <span class='ocr_line' id='line_1_20' title="bbox 186 1985 1287 2055; baseline -0.001 -14"><span class='ocrx_word' id='word_1_176' title='bbox 186 2003 269 2042; x_wconf 86' lang='lat' dir='ltr'><strong>mone</strong></span> <span class='ocrx_word' id='word_1_177' title='bbox 277 1986 345 2040; x_wconf 87' lang='lat' dir='ltr'><strong>nihil</strong></span> <span class='ocrx_word' id='word_1_178' title='bbox 355 1985 668 2054; x_wconf 78' lang='lat' dir='ltr'><strong>frequentiueestquam</strong></span> <span class='ocrx_word' id='word_1_179' title='bbox 674 1993 821 2055; x_wconf 74' lang='lat' dir='ltr'><strong>propterea</strong></span> <span class='ocrx_word' id='word_1_180' title='bbox 831 1985 916 2054; x_wconf 74' lang='lat' dir='ltr'><strong>pansis</strong></span> <span class='ocrx_word' id='word_1_181' title='bbox 927 1985 1081 2041; x_wconf 78' lang='lat' dir='ltr'><strong>lsoonutem</strong></span> <span class='ocrx_word' id='word_1_182' title='bbox 1089 1985 1287 2051; x_wconf 62' lang='lat' dir='ltr'><strong>Graeoeresbo</strong></span> 
     </span>
     <span class='ocr_line' id='line_1_21' title="bbox 188 2066 1287 2136; baseline 0.002 -14"><span class='ocrx_word' id='word_1_183' title='bbox 188 2069 303 2122; x_wconf 80' lang='lat' dir='ltr'><strong>verbum</strong></span> <span class='ocrx_word' id='word_1_184' title='bbox 313 2068 451 2133; x_wconf 78' lang='lat' dir='ltr'><strong>reddenti,</strong></span> <span class='ocrx_word' id='word_1_185' title='bbox 463 2073 506 2121; x_wconf 84' lang='lat' dir='ltr'><strong>est</strong></span> <span class='ocrx_word' id='word_1_186' title='bbox 515 2069 588 2122; x_wconf 74' lang='lat' dir='ltr'><strong>lesen</strong></span> <span class='ocrx_word' id='word_1_187' title='bbox 599 2071 690 2122; x_wconf 73' lang='lat' dir='ltr'><strong>seiron</strong></span> <span class='ocrx_word' id='word_1_188' title='bbox 701 2069 748 2121; x_wconf 77' lang='lat' dir='ltr'><strong>lin.</strong></span> <span class='ocrx_word' id='word_1_189' title='bbox 775 2067 847 2130; x_wconf 78' lang='lat' dir='ltr'><strong>Qum</strong></span> <span class='ocrx_word' id='word_1_190' title='bbox 856 2066 989 2121; x_wconf 81' lang='lat' dir='ltr'><strong>sermonis</strong></span> <span class='ocrx_word' id='word_1_191' title='bbox 999 2069 1150 2136; x_wconf 76' lang='lat' dir='ltr'><strong>plenitudo,</strong></span> <span class='ocrx_word' id='word_1_192' title='bbox 1158 2070 1183 2122; x_wconf 87' lang='lat' dir='ltr'><strong>si</strong></span> <span class='ocrx_word' id='word_1_193' title='bbox 1194 2072 1287 2124; x_wconf 87' lang='lat' dir='ltr'><strong>orato·</strong></span> 
     </span>
     <span class='ocr_line' id='line_1_22' title="bbox 186 2148 1285 2218; baseline -0.002 -14"><span class='ocrx_word' id='word_1_194' title='bbox 186 2166 247 2204; x_wconf 90' lang='lat' dir='ltr'><strong>rem</strong></span> <span class='ocrx_word' id='word_1_195' title='bbox 257 2150 327 2203; x_wconf 81' lang='lat' dir='ltr'><strong>sorte</strong></span> <span class='ocrx_word' id='word_1_196' title='bbox 339 2150 429 2208; x_wconf 84' lang='lat' dir='ltr'><strong>minus</strong></span> <span class='ocrx_word' id='word_1_197' title='bbox 440 2150 546 2214; x_wconf 79' lang='lat' dir='ltr'><strong>deeset,</strong></span> <span class='ocrx_word' id='word_1_198' title='bbox 560 2149 588 2202; x_wconf 90' lang='lat' dir='ltr'><strong>in</strong></span> <span class='ocrx_word' id='word_1_199' title='bbox 605 2149 719 2217; x_wconf 76' lang='lat' dir='ltr'><strong>antiqno</strong></span> <span class='ocrx_word' id='word_1_200' title='bbox 733 2150 846 2202; x_wconf 77' lang='lat' dir='ltr'><strong>ononlo</strong></span> <span class='ocrx_word' id='word_1_201' title='bbox 858 2148 950 2202; x_wconf 85' lang='lat' dir='ltr'><strong>loonsn</strong></span> <span class='ocrx_word' id='word_1_202' title='bbox 968 2163 1051 2202; x_wconf 88' lang='lat' dir='ltr'><strong>suum</strong></span> <span class='ocrx_word' id='word_1_203' title='bbox 1062 2149 1147 2218; x_wconf 83' lang='lat' dir='ltr'><strong>probe</strong></span> <span class='ocrx_word' id='word_1_204' title='bbox 1156 2152 1285 2218; x_wconf 83' lang='lat' dir='ltr'><strong>ooonpat.</strong></span> 
     </span>
     <span class='ocr_line' id='line_1_23' title="bbox 187 2227 1286 2298; baseline 0 -13"><span class='ocrx_word' id='word_1_205' title='bbox 187 2232 295 2285; x_wconf 79' lang='lat' dir='ltr'><strong>Duram</strong></span> <span class='ocrx_word' id='word_1_206' title='bbox 304 2231 350 2284; x_wconf 87' lang='lat' dir='ltr'><strong>alii</strong></span> <span class='ocrx_word' id='word_1_207' title='bbox 360 2230 474 2284; x_wconf 86' lang='lat' dir='ltr'><strong>orodent</strong></span> <span class='ocrx_word' id='word_1_208' title='bbox 481 2231 556 2282; x_wconf 85' lang='lat' dir='ltr'><strong>verbi</strong></span> <span class='ocrx_word' id='word_1_209' title='bbox 568 2233 686 2298; x_wconf 76' lang='grc' dir='ltr'><strong>σημαίνει</strong></span> <span class='ocrx_word' id='word_1_210' title='bbox 695 2227 731 2282; x_wconf 83' lang='lat' dir='ltr'><strong>eb</strong></span> <span class='ocrx_word' id='word_1_211' title='bbox 743 2228 887 2298; x_wconf 88' lang='lat' dir='ltr'><strong>ipsojnsso</strong></span> <span class='ocrx_word' id='word_1_212' title='bbox 896 2229 1086 2284; x_wconf 71' lang='lat' dir='ltr'><strong>divulsionem.</strong></span> <span class='ocrx_word' id='word_1_213' title='bbox 1112 2231 1152 2284; x_wconf 84' lang='lat' dir='ltr'><strong>lis</strong></span> <span class='ocrx_word' id='word_1_214' title='bbox 1159 2231 1286 2293; x_wconf 71' lang='lat' dir='ltr'><strong>emerso,</strong></span> 
     </span>
     <span class='ocr_line' id='line_1_24' title="bbox 184 2303 1287 2381; baseline -0.002 -15"><span class='ocrx_word' id='word_1_215' title='bbox 184 2313 300 2366; x_wconf 79' lang='lat' dir='ltr'><strong>verbum</strong></span> <span class='ocrx_word' id='word_1_216' title='bbox 312 2311 372 2372; x_wconf 83' lang='lat' dir='ltr'><strong>hoe,</strong></span> <span class='ocrx_word' id='word_1_217' title='bbox 386 2311 492 2364; x_wconf 86' lang='lat' dir='ltr'><strong>solenni</strong></span> <span class='ocrx_word' id='word_1_218' title='bbox 503 2310 626 2375; x_wconf 84' lang='lat' dir='ltr'><strong>lormuls,</strong></span> <span class='ocrx_word' id='word_1_219' title='bbox 635 2311 663 2364; x_wconf 91' lang='lat' dir='ltr'><strong>in</strong></span> <span class='ocrx_word' id='word_1_220' title='bbox 674 2310 764 2364; x_wconf 83' lang='lat' dir='ltr'><strong>leonte</strong></span> <span class='ocrx_word' id='word_1_221' title='bbox 779 2311 901 2379; x_wconf 81' lang='lat' dir='ltr'><strong>responsi</strong></span> <span class='ocrx_word' id='word_1_222' title='bbox 911 2311 1079 2379; x_wconf 88' lang='lat' dir='ltr'><strong>ponendum,</strong></span> <span class='ocrx_word' id='word_1_223' title='bbox 1094 2316 1124 2366; x_wconf 88' lang='lat' dir='ltr'><strong>et</strong></span> <span class='ocrx_word' id='word_1_224' title='bbox 1131 2317 1225 2366; x_wconf 77' lang='lat' dir='ltr'><strong>tamen</strong></span> <span class='ocrx_word' id='word_1_225' title='bbox 1232 2303 1287 2381; x_wconf 86' lang='lat' dir='ltr'><strong>ipsi</strong></span> 
     </span>
     <span class='ocr_line' id='line_1_25' title="bbox 185 2392 1125 2464; baseline 0.004 -18"><span class='ocrx_word' id='word_1_226' title='bbox 185 2397 327 2464; x_wconf 69' lang='lat' dir='ltr'><strong>precepto</strong></span> <span class='ocrx_word' id='word_1_227' title='bbox 335 2407 448 2446; x_wconf 82' lang='lat' dir='ltr'><strong>eausam</strong></span> <span class='ocrx_word' id='word_1_228' title='bbox 458 2393 507 2446; x_wconf 83' lang='lat' dir='ltr'><strong>irse</strong></span> <span class='ocrx_word' id='word_1_229' title='bbox 519 2392 620 2446; x_wconf 83' lang='lat' dir='ltr'><strong>divinse</strong></span> <span class='ocrx_word' id='word_1_230' title='bbox 630 2393 787 2448; x_wconf 51' lang='lat' dir='ltr'><strong>¹necessario</strong></span> <span class='ocrx_word' id='word_1_231' title='bbox 798 2393 1020 2461; x_wconf 75' lang='lat' dir='ltr'><strong>promittendum</strong></span> <span class='ocrx_word' id='word_1_232' title='bbox 1031 2393 1125 2450; x_wconf 66' lang='lat' dir='ltr'><strong>fuine·</strong></span> 
     </span>
    </p>

    <p class='ocr_par' dir='ltr' id='par_1_6' title="bbox 183 2475 1361 2957">
     <span class='ocr_line' id='line_1_26' title="bbox 222 2475 1287 2547; baseline 0 -16"><span class='ocrx_word' id='word_1_233' title='bbox 222 2476 296 2531; x_wconf 77' lang='lat' dir='ltr'><strong>neo</strong></span> <span class='ocrx_word' id='word_1_234' title='bbox 309 2478 382 2541; x_wconf 89' lang='lat' dir='ltr'><strong>suut,</strong></span> <span class='ocrx_word' id='word_1_235' title='bbox 393 2492 457 2545; x_wconf 85' lang='lat' dir='ltr'><strong>quse</strong></span> <span class='ocrx_word' id='word_1_236' title='bbox 469 2475 497 2529; x_wconf 89' lang='lat' dir='ltr'><strong>in</strong></span> <span class='ocrx_word' id='word_1_237' title='bbox 510 2475 684 2532; x_wconf 87' lang='lat' dir='ltr'><strong>emendando</strong></span> <span class='ocrx_word' id='word_1_238' title='bbox 697 2475 750 2529; x_wconf 86' lang='lat' dir='ltr'><strong>hoo</strong></span> <span class='ocrx_word' id='word_1_239' title='bbox 762 2475 873 2529; x_wconf 87' lang='lat' dir='ltr'><strong>orsoulo</strong></span> <span class='ocrx_word' id='word_1_240' title='bbox 883 2476 1069 2545; x_wconf 73' lang='lat' dir='ltr'><strong>praestitimus,</strong></span> <span class='ocrx_word' id='word_1_241' title='bbox 1080 2477 1183 2547; x_wconf 85' lang='lat' dir='ltr'><strong>quibua</strong></span> <span class='ocrx_word' id='word_1_242' title='bbox 1192 2481 1287 2533; x_wconf 83' lang='lat' dir='ltr'><strong>temen</strong></span> 
     </span>
     <span class='ocr_line' id='line_1_27' title="bbox 185 2556 1288 2627; baseline -0.001 -12"><span class='ocrx_word' id='word_1_243' title='bbox 185 2574 246 2615; x_wconf 82' lang='lat' dir='ltr'><strong>rem</strong></span> <span class='ocrx_word' id='word_1_244' title='bbox 263 2558 416 2611; x_wconf 70' lang='lat' dir='ltr'><strong>ubsolmmn</strong></span> <span class='ocrx_word' id='word_1_245' title='bbox 428 2574 490 2611; x_wconf 86' lang='lat' dir='ltr'><strong>esse</strong></span> <span class='ocrx_word' id='word_1_246' title='bbox 507 2558 671 2627; x_wconf 82' lang='lat' dir='ltr'><strong>neutiquam</strong></span> <span class='ocrx_word' id='word_1_247' title='bbox 687 2556 786 2611; x_wconf 86' lang='lat' dir='ltr'><strong>oredo:</strong></span> <span class='ocrx_word' id='word_1_248' title='bbox 808 2573 873 2611; x_wconf 86' lang='lat' dir='ltr'><strong>oum</strong></span> <span class='ocrx_word' id='word_1_249' title='bbox 888 2558 961 2613; x_wconf 86' lang='lat' dir='ltr'><strong>enim</strong></span> <span class='ocrx_word' id='word_1_250' title='bbox 978 2559 1078 2612; x_wconf 82' lang='lat' dir='ltr'><strong>horum</strong></span> <span class='ocrx_word' id='word_1_251' title='bbox 1088 2560 1212 2614; x_wconf 75' lang='lat' dir='ltr'><strong>maxim</strong></span> <span class='ocrx_word' id='word_1_252' title='bbox 1223 2575 1288 2627; x_wconf 81' lang='lat' dir='ltr'><strong>para</strong></span> 
     </span>
     <span class='ocr_line' id='line_1_28' title="bbox 185 2632 1361 2710; baseline -0.002 -13"><span class='ocrx_word' id='word_1_253' title='bbox 185 2640 346 2710; x_wconf 82' lang='lat' dir='ltr'><strong>oonjeetnre</strong></span> <span class='ocrx_word' id='word_1_254' title='bbox 362 2640 475 2704; x_wconf 82' lang='lat' dir='ltr'><strong>nitetur,</strong></span> <span class='ocrx_word' id='word_1_255' title='bbox 489 2640 558 2710; x_wconf 78' lang='lat' dir='ltr'><strong>quin</strong></span> <span class='ocrx_word' id='word_1_256' title='bbox 575 2642 629 2693; x_wconf 82' lang='lat' dir='ltr'><strong>alie</strong></span> <span class='ocrx_word' id='word_1_257' title='bbox 646 2640 715 2695; x_wconf 87' lang='lat' dir='ltr'><strong>meis</strong></span> <span class='ocrx_word' id='word_1_258' title='bbox 731 2640 839 2694; x_wconf 78' lang='lat' dir='ltr'><strong>veriora</strong></span> <span class='ocrx_word' id='word_1_259' title='bbox 856 2640 967 2710; x_wconf 83' lang='lat' dir='ltr'><strong>reperiri</strong></span> <span class='ocrx_word' id='word_1_260' title='bbox 978 2640 1096 2709; x_wconf 81' lang='lat' dir='ltr'><strong>possint,</strong></span> <span class='ocrx_word' id='word_1_261' title='bbox 1112 2656 1170 2697; x_wconf 81' lang='lat' dir='ltr'><strong>nnn</strong></span> <span class='ocrx_word' id='word_1_262' title='bbox 1180 2642 1287 2699; x_wconf 83' lang='lat' dir='ltr'><strong>dubito.</strong></span> <span class='ocrx_word' id='word_1_263' title='bbox 1356 2632 1361 2643; x_wconf 81' lang='grc'><em>“</em></span> 
     </span>
     <span class='ocr_line' id='line_1_29' title="bbox 185 2722 1289 2793; baseline 0.001 -16"><span class='ocrx_word' id='word_1_264' title='bbox 185 2724 297 2777; x_wconf 76' lang='lat' dir='ltr'><strong>Intama</strong></span> <span class='ocrx_word' id='word_1_265' title='bbox 305 2723 418 2777; x_wconf 81' lang='lat' dir='ltr'><strong>fortusse</strong></span> <span class='ocrx_word' id='word_1_266' title='bbox 429 2724 525 2776; x_wconf 82' lang='lat' dir='ltr'><strong>reliets</strong></span> <span class='ocrx_word' id='word_1_267' title='bbox 536 2727 603 2777; x_wconf 85' lang='lat' dir='ltr'><strong>sunt</strong></span> <span class='ocrx_word' id='word_1_268' title='bbox 613 2723 676 2789; x_wconf 85' lang='lat' dir='ltr'><strong>alie,</strong></span> <span class='ocrx_word' id='word_1_269' title='bbox 688 2738 751 2793; x_wconf 78' lang='lat' dir='ltr'><strong>qum</strong></span> <span class='ocrx_word' id='word_1_270' title='bbox 765 2722 874 2775; x_wconf 84' lang='lat' dir='ltr'><strong>medela</strong></span> <span class='ocrx_word' id='word_1_271' title='bbox 883 2733 939 2775; x_wconf 88' lang='lat' dir='ltr'><strong>non</strong></span> <span class='ocrx_word' id='word_1_272' title='bbox 950 2722 1041 2777; x_wconf 87' lang='lat' dir='ltr'><strong>minus</strong></span> <span class='ocrx_word' id='word_1_273' title='bbox 1051 2723 1203 2793; x_wconf 70' lang='lat' dir='ltr'><strong>indigeant.</strong></span> <span class='ocrx_word' id='word_1_274' title='bbox 1223 2725 1289 2778; x_wconf 72' lang='lat' dir='ltr'><strong>Sta·</strong></span> 
     </span>
     <span class='ocr_line' id='line_1_30' title="bbox 184 2804 1290 2875; baseline -0.002 -14"><span class='ocrx_word' id='word_1_275' title='bbox 184 2808 237 2861; x_wconf 88' lang='lat' dir='ltr'><strong>tim</strong></span> <span class='ocrx_word' id='word_1_276' title='bbox 248 2806 346 2859; x_wconf 79' lang='lat' dir='ltr'><strong>ultime</strong></span> <span class='ocrx_word' id='word_1_277' title='bbox 355 2806 438 2861; x_wconf 81' lang='lat' dir='ltr'><strong>verbe</strong></span> <span class='ocrx_word' id='word_1_278' title='bbox 448 2822 504 2859; x_wconf 89' lang='lat' dir='ltr'><strong>nou</strong></span> <span class='ocrx_word' id='word_1_279' title='bbox 515 2804 700 2861; x_wconf 78' lang='lat' dir='ltr'><strong>satisfaciunt:</strong></span> <span class='ocrx_word' id='word_1_280' title='bbox 719 2804 760 2859; x_wconf 74' lang='lat' dir='ltr'><strong>Et</strong></span> <span class='ocrx_word' id='word_1_281' title='bbox 767 2804 1067 2875; x_wconf 58' lang='lat' dir='ltr'><strong>praemonentem</strong></span> <span class='ocrx_word' id='word_1_282' title='bbox 1078 2804 1198 2875; x_wconf 85' lang='lat' dir='ltr'><strong>debetis)</strong></span> <span class='ocrx_word' id='word_1_283' title='bbox 1207 2806 1290 2859; x_wconf 75' lang='lat' dir='ltr'><strong>dena-</strong></span> 
     </span>
     <span class='ocr_line' id='line_1_31' title="bbox 183 2884 1289 2957; baseline -0.001 -16"><span class='ocrx_word' id='word_1_284' title='bbox 183 2886 258 2941; x_wconf 73' lang='lat' dir='ltr'><strong>rim</strong></span> <span class='ocrx_word' id='word_1_285' title='bbox 268 2884 342 2952; x_wconf 75' lang='lat' dir='ltr'><strong>iliud,</strong></span> <span class='ocrx_word' id='word_1_286' title='bbox 362 2888 432 2956; x_wconf 74' lang='lat' dir='ltr'><strong>qnod</strong></span> <span class='ocrx_word' id='word_1_287' title='bbox 448 2886 556 2941; x_wconf 67' lang='grc' dir='ltr'><em>ἀοπαυίι</em></span> <span class='ocrx_word' id='word_1_288' title='bbox 566 2884 681 2957; x_wconf 76' lang='lat' dir='ltr'><strong>populns</strong></span> <span class='ocrx_word' id='word_1_289' title='bbox 696 2884 874 2940; x_wconf 71' lang='lat' dir='ltr'><strong>Atheniensis.</strong></span> <span class='ocrx_word' id='word_1_290' title='bbox 908 2886 1036 2940; x_wconf 72' lang='lat' dir='ltr'><strong>Fortasse</strong></span> <span class='ocrx_word' id='word_1_291' title='bbox 1053 2891 1147 2940; x_wconf 69' lang='lat' dir='ltr'><strong>umen</strong></span> <span class='ocrx_word' id='word_1_292' title='bbox 1165 2887 1289 2956; x_wconf 78' lang='lat' dir='ltr'><strong>expliea-</strong></span> 
     </span>
    </p>
   </div>
   <div class='ocr_carea' id='block_1_6' title="bbox 85 2966 1291 3036">
    <p class='ocr_par' dir='ltr' id='par_1_7' title="bbox 85 2966 1291 3036">
     <span class='ocr_line' id='line_1_32' title="bbox 85 2966 1291 3036; baseline 0.001 -15"><span class='ocrx_word' id='word_1_293' title='bbox 85 3002 92 3013; x_wconf 87' lang='lat'>-</span> <span class='ocrx_word' id='word_1_294' title='bbox 185 2968 263 3021; x_wconf 84' lang='lat' dir='ltr'><strong>tione</strong></span> <span class='ocrx_word' id='word_1_295' title='bbox 279 2966 377 3035; x_wconf 68' lang='lat' dir='ltr'><strong>megin,</strong></span> <span class='ocrx_word' id='word_1_296' title='bbox 397 2983 481 3036; x_wconf 84' lang='lat' dir='ltr'><strong>quam</strong></span> <span class='ocrx_word' id='word_1_297' title='bbox 504 2969 706 3033; x_wconf 73' lang='lat' dir='ltr'><strong>emendatione,</strong></span> <span class='ocrx_word' id='word_1_298' title='bbox 725 2968 943 3021; x_wconf 82' lang='lat' dir='ltr'><strong>subveniendum</strong></span> <span class='ocrx_word' id='word_1_299' title='bbox 964 2969 1033 3022; x_wconf 90' lang='lat' dir='ltr'><strong>looo.</strong></span> <span class='ocrx_word' id='word_1_300' title='bbox 1078 2969 1215 3024; x_wconf 74' lang='lat' dir='ltr'><strong>Credibile</strong></span> <span class='ocrx_word' id='word_1_301' title='bbox 1235 2974 1291 3034; x_wconf 82' lang='lat' dir='ltr'><strong>est,</strong></span> 
     </span>
    </p>
   </div>
   <div class='ocr_carea' id='block_1_7' title="bbox 179 3048 1290 3759">
    <p class='ocr_par' dir='ltr' id='par_1_8' title="bbox 179 3048 1290 3759">
     <span class='ocr_line' id='line_1_33' title="bbox 188 3048 1289 3119; baseline 0 -16"><span class='ocrx_word' id='word_1_302' title='bbox 188 3049 380 3114; x_wconf 79' lang='lat' dir='ltr'><strong>Athenienses,</strong></span> <span class='ocrx_word' id='word_1_303' title='bbox 396 3048 509 3117; x_wconf 74' lang='lat' dir='ltr'><strong>publiea</strong></span> <span class='ocrx_word' id='word_1_304' title='bbox 524 3050 644 3119; x_wconf 87' lang='lat' dir='ltr'><strong>quadam</strong></span> <span class='ocrx_word' id='word_1_305' title='bbox 659 3048 815 3103; x_wconf 83' lang='lat' dir='ltr'><strong>oslamitate</strong></span> <span class='ocrx_word' id='word_1_306' title='bbox 826 3048 949 3116; x_wconf 68' lang='lat' dir='ltr'><strong>uidimus,</strong></span> <span class='ocrx_word' id='word_1_307' title='bbox 959 3051 1067 3117; x_wconf 71' lang='lat' dir='ltr'><strong>legatos</strong></span> <span class='ocrx_word' id='word_1_308' title='bbox 1076 3052 1182 3105; x_wconf 76' lang='lat' dir='ltr'><strong>minim</strong></span> <span class='ocrx_word' id='word_1_309' title='bbox 1192 3052 1289 3105; x_wconf 88' lang='lat' dir='ltr'><strong>Dodo-</strong></span> 
     </span>
     <span class='ocr_line' id='line_1_34' title="bbox 186 3130 1288 3199; baseline 0.001 -14"><span class='ocrx_word' id='word_1_310' title='bbox 186 3144 254 3185; x_wconf 81' lang='lat' dir='ltr'><strong>num</strong></span> <span class='ocrx_word' id='word_1_311' title='bbox 266 3130 458 3196; x_wconf 77' lang='lat' dir='ltr'><strong>sciscitaturos,</strong></span> <span class='ocrx_word' id='word_1_312' title='bbox 467 3130 534 3199; x_wconf 84' lang='lat' dir='ltr'><strong>quid</strong></span> <span class='ocrx_word' id='word_1_313' title='bbox 547 3132 683 3199; x_wconf 78' lang='lat' dir='ltr'><strong>egendum</strong></span> <span class='ocrx_word' id='word_1_314' title='bbox 693 3135 767 3184; x_wconf 84' lang='lat' dir='ltr'><strong>esset</strong></span> <span class='ocrx_word' id='word_1_315' title='bbox 777 3130 813 3182; x_wconf 82' lang='lat' dir='ltr'><strong>sd</strong></span> <span class='ocrx_word' id='word_1_316' title='bbox 823 3130 986 3197; x_wconf 80' lang='lat' dir='ltr'><strong>pisosndsm</strong></span> <span class='ocrx_word' id='word_1_317' title='bbox 997 3133 1112 3185; x_wconf 85' lang='lat' dir='ltr'><strong>deorum</strong></span> <span class='ocrx_word' id='word_1_318' title='bbox 1120 3134 1203 3185; x_wconf 86' lang='lat' dir='ltr'><strong>iram.</strong></span> <span class='ocrx_word' id='word_1_319' title='bbox 1231 3130 1288 3185; x_wconf 79' lang='lat' dir='ltr'><strong>Hir</strong></span> 
     </span>
     <span class='ocr_line' id='line_1_35' title="bbox 185 3210 1288 3283; baseline 0 -18"><span class='ocrx_word' id='word_1_320' title='bbox 185 3213 284 3283; x_wconf 88' lang='lat' dir='ltr'><strong>proonl</strong></span> <span class='ocrx_word' id='word_1_321' title='bbox 299 3212 383 3266; x_wconf 87' lang='lat' dir='ltr'><strong>dubio</strong></span> <span class='ocrx_word' id='word_1_322' title='bbox 394 3213 599 3278; x_wconf 70' lang='lat' dir='ltr'><strong>mandaverant,</strong></span> <span class='ocrx_word' id='word_1_323' title='bbox 610 3230 702 3267; x_wconf 74' lang='lat' dir='ltr'><strong>seme</strong></span> <span class='ocrx_word' id='word_1_324' title='bbox 711 3212 775 3267; x_wconf 82' lang='lat' dir='ltr'><strong>Josi</strong></span> <span class='ocrx_word' id='word_1_325' title='bbox 787 3210 943 3277; x_wconf 68' lang='lat' dir='ltr'><strong>Dodonaeo,</strong></span> <span class='ocrx_word' id='word_1_326' title='bbox 954 3213 1065 3267; x_wconf 84' lang='lat' dir='ltr'><strong>nomine</strong></span> <span class='ocrx_word' id='word_1_327' title='bbox 1074 3213 1204 3275; x_wconf 80' lang='lat' dir='ltr'><strong>eivitatis,</strong></span> <span class='ocrx_word' id='word_1_328' title='bbox 1215 3212 1288 3265; x_wconf 87' lang='lat' dir='ltr'><strong>dona</strong></span> 
     </span>
     <span class='ocr_line' id='line_1_36' title="bbox 186 3292 1289 3364; baseline -0.001 -17"><span class='ocrx_word' id='word_1_329' title='bbox 186 3295 325 3364; x_wconf 78' lang='lat' dir='ltr'><strong>quaedem,</strong></span> <span class='ocrx_word' id='word_1_330' title='bbox 335 3308 409 3364; x_wconf 81' lang='lat' dir='ltr'><strong>quse,</strong></span> <span class='ocrx_word' id='word_1_331' title='bbox 420 3299 535 3363; x_wconf 86' lang='lat' dir='ltr'><strong>aeeepto</strong></span> <span class='ocrx_word' id='word_1_332' title='bbox 550 3310 689 3363; x_wconf 82' lang='lat' dir='ltr'><strong>responso,</strong></span> <span class='ocrx_word' id='word_1_333' title='bbox 702 3293 879 3347; x_wconf 62' lang='lat' dir='ltr'><strong>asotorum</strong></span> <span class='ocrx_word' id='word_1_334' title='bbox 890 3308 921 3345; x_wconf 85' lang='lat' dir='ltr'><strong>ae</strong></span> <span class='ocrx_word' id='word_1_335' title='bbox 931 3292 1114 3360; x_wconf 69' lang='lat' dir='ltr'><strong>spondebant,</strong></span> <span class='ocrx_word' id='word_1_336' title='bbox 1150 3292 1289 3346; x_wconf 70' lang='lat' dir='ltr'><strong>Herrone-</strong></span> 
     </span>
     <span class='ocr_line' id='line_1_37' title="bbox 179 3374 1290 3443; baseline -0.004 -10"><span class='ocrx_word' id='word_1_337' title='bbox 179 3376 263 3433; x_wconf 30' lang='lat' dir='ltr'><strong>smdi</strong></span> <span class='ocrx_word' id='word_1_338' title='bbox 273 3377 423 3443; x_wconf 81' lang='lat' dir='ltr'><strong>notionem,</strong></span> <span class='ocrx_word' id='word_1_339' title='bbox 437 3376 530 3443; x_wconf 87' lang='lat' dir='ltr'><strong>eredo,</strong></span> <span class='ocrx_word' id='word_1_340' title='bbox 543 3376 588 3429; x_wconf 82' lang='lat' dir='ltr'><strong>irie</strong></span> <span class='ocrx_word' id='word_1_341' title='bbox 598 3376 683 3429; x_wconf 85' lang='lat' dir='ltr'><strong>habet</strong></span> <span class='ocrx_word' id='word_1_342' title='bbox 699 3375 859 3428; x_wconf 70' lang='grc' dir='ltr'><strong>ἀνατιθέναι.</strong></span> <span class='ocrx_word' id='word_1_343' title='bbox 895 3375 977 3440; x_wconf 76' lang='lat' dir='ltr'><strong>Sane,</strong></span> <span class='ocrx_word' id='word_1_344' title='bbox 995 3374 1069 3429; x_wconf 84' lang='lat' dir='ltr'><strong>siout</strong></span> <span class='ocrx_word' id='word_1_345' title='bbox 1083 3375 1113 3427; x_wconf 80' lang='lat' dir='ltr'><strong>in</strong></span> <span class='ocrx_word' id='word_1_346' title='bbox 1124 3378 1219 3429; x_wconf 75' lang='lat' dir='ltr'><strong>nostm</strong></span> <span class='ocrx_word' id='word_1_347' title='bbox 1227 3390 1290 3429; x_wconf 85' lang='lat' dir='ltr'><strong>ora·</strong></span> 
     </span>
     <span class='ocr_line' id='line_1_38' title="bbox 186 3456 1288 3530; baseline 0.001 -19"><span class='ocrx_word' id='word_1_348' title='bbox 186 3456 263 3512; x_wconf 90' lang='lat' dir='ltr'><strong>tione</strong></span> <span class='ocrx_word' id='word_1_349' title='bbox 280 3459 321 3529; x_wconf 84' lang='lat' dir='ltr'><strong>(p.</strong></span> <span class='ocrx_word' id='word_1_350' title='bbox 333 3462 380 3512; x_wconf 78' lang='lat'><strong>62.</strong></span> <span class='ocrx_word' id='word_1_351' title='bbox 399 3474 426 3514; x_wconf 85' lang='lat' dir='ltr'><strong>v.</strong></span> <span class='ocrx_word' id='word_1_352' title='bbox 438 3460 504 3530; x_wconf 87' lang='lat' dir='ltr'><strong>ult.)</strong></span> <span class='ocrx_word' id='word_1_353' title='bbox 521 3460 618 3513; x_wconf 73' lang='grc' dir='ltr'><strong>διδόναι</strong></span> <span class='ocrx_word' id='word_1_354' title='bbox 635 3459 747 3527; x_wconf 84' lang='lat' dir='ltr'><strong>ponitur</strong></span> <span class='ocrx_word' id='word_1_355' title='bbox 768 3472 819 3525; x_wconf 83' lang='lat' dir='ltr'><strong>pso</strong></span> <span class='ocrx_word' id='word_1_356' title='bbox 837 3458 957 3525; x_wconf 81' lang='lat' dir='ltr'><strong>simplioi</strong></span> <span class='ocrx_word' id='word_1_357' title='bbox 973 3458 1113 3511; x_wconf 83' lang='lat' dir='ltr'><strong>oblatione</strong></span> <span class='ocrx_word' id='word_1_358' title='bbox 1130 3458 1288 3513; x_wconf 81' lang='lat' dir='ltr'><strong>oouditioue</strong></span> 
     </span>
     <span class='ocr_line' id='line_1_39' title="bbox 188 3538 1290 3609; baseline 0 -16"><span class='ocrx_word' id='word_1_359' title='bbox 188 3540 307 3609; x_wconf 77' lang='lat' dir='ltr'><strong>quedam</strong></span> <span class='ocrx_word' id='word_1_360' title='bbox 321 3542 402 3607; x_wconf 78' lang='lat' dir='ltr'><strong>laete,</strong></span> <span class='ocrx_word' id='word_1_361' title='bbox 418 3542 515 3595; x_wconf 80' lang='lat' dir='ltr'><strong>eodem</strong></span> <span class='ocrx_word' id='word_1_362' title='bbox 532 3542 615 3594; x_wconf 88' lang='lat' dir='ltr'><strong>modo</strong></span> <span class='ocrx_word' id='word_1_363' title='bbox 629 3540 781 3593; x_wconf 58' lang='grc' dir='ltr'><strong>ἀνατιθέναι</strong></span> <span class='ocrx_word' id='word_1_364' title='bbox 793 3554 902 3609; x_wconf 82' lang='lat' dir='ltr'><strong>qnoque</strong></span> <span class='ocrx_word' id='word_1_365' title='bbox 913 3538 1000 3608; x_wconf 89' lang='lat' dir='ltr'><strong>(quod</strong></span> <span class='ocrx_word' id='word_1_366' title='bbox 1012 3554 1066 3606; x_wconf 84' lang='lat' dir='ltr'><strong>non</strong></span> <span class='ocrx_word' id='word_1_367' title='bbox 1082 3539 1172 3593; x_wconf 81' lang='lat' dir='ltr'><strong>solnm</strong></span> <span class='ocrx_word' id='word_1_368' title='bbox 1181 3554 1290 3609; x_wconf 67' lang='grc' dir='ltr'><strong>ηιμ·</strong></span> 
     </span>
     <span class='ocr_line' id='line_1_40' title="bbox 187 3620 1290 3693; baseline -0.003 -18"><span class='ocrx_word' id='word_1_369' title='bbox 187 3622 251 3675; x_wconf 81' lang='lat' dir='ltr'><strong>dm</strong></span> <span class='ocrx_word' id='word_1_370' title='bbox 262 3622 331 3688; x_wconf 85' lang='lat' dir='ltr'><strong>Deo,</strong></span> <span class='ocrx_word' id='word_1_371' title='bbox 343 3624 392 3679; x_wconf 82' lang='lat' dir='ltr'><strong>red</strong></span> <span class='ocrx_word' id='word_1_372' title='bbox 403 3624 493 3679; x_wconf 78' lang='lat' dir='ltr'><strong>latiori</strong></span> <span class='ocrx_word' id='word_1_373' title='bbox 504 3622 658 3693; x_wconf 65' lang='lat' dir='ltr'><strong>significatu</strong></span> <span class='ocrx_word' id='word_1_374' title='bbox 672 3638 829 3675; x_wconf 77' lang='lat' dir='ltr'><strong>eomeorsre</strong></span> <span class='ocrx_word' id='word_1_375' title='bbox 839 3621 963 3693; x_wconf 81' lang='lat' dir='ltr'><strong>valebat)</strong></span> <span class='ocrx_word' id='word_1_376' title='bbox 971 3622 1096 3691; x_wconf 74' lang='lat' dir='ltr'><strong>murpsn</strong></span> <span class='ocrx_word' id='word_1_377' title='bbox 1105 3635 1187 3691; x_wconf 83' lang='lat' dir='ltr'><strong>posse</strong></span> <span class='ocrx_word' id='word_1_378' title='bbox 1198 3620 1290 3674; x_wconf 86' lang='lat' dir='ltr'><strong>nullus</strong></span> 
     </span>
     <span class='ocr_line' id='line_1_41' title="bbox 188 3692 1252 3759; baseline 0.003 -4"><span class='ocrx_word' id='word_1_379' title='bbox 188 3702 295 3758; x_wconf 84' lang='lat' dir='ltr'><strong>dubito.</strong></span> <span class='ocrx_word' id='word_1_380' title='bbox 700 3692 709 3711; x_wconf 76' lang='lat'>⁸</span> <span class='ocrx_word' id='word_1_381' title='bbox 1048 3742 1052 3747; x_wconf 81' lang='grc'>-</span> <span class='ocrx_word' id='word_1_382' title='bbox 1076 3702 1252 3759; x_wconf 72' lang='lat' dir='ltr'><strong>numus,</strong></span> 
     </span>
    </p>
   </div>
   <div class='ocr_carea' id='block_1_8' title="bbox 620 3810 861 3866">
    <p class='ocr_par' dir='ltr' id='par_1_9' title="bbox 620 3810 861 3866">
     <span class='ocr_line' id='line_1_42' title="bbox 620 3810 861 3866; baseline 0.004 -1"><span class='ocrx_word' id='word_1_383' title='bbox 620 3810 681 3865; x_wconf 85' lang='lat' dir='ltr'><strong>DE</strong></span> <span class='ocrx_word' id='word_1_384' title='bbox 703 3810 861 3866; x_wconf 85' lang='lat' dir='ltr'><strong>DIONE.</strong></span> 
     </span>
    </p>
   </div>
   <div class='ocr_carea' id='block_1_9' title="bbox 645 3931 831 4002">
    <p class='ocr_par' dir='ltr' id='par_1_10' title="bbox 645 3931 831 4002">
     <span class='ocr_line' id='line_1_43' title="bbox 645 3931 831 4002; baseline -0.011 -15"><span class='ocrx_word' id='word_1_385' title='bbox 645 3949 672 4002; x_wconf 81' lang='lat' dir='ltr'><strong>p.</strong></span> <span class='ocrx_word' id='word_1_386' title='bbox 685 3936 729 3987; x_wconf 76' lang='lat'><strong>45.</strong></span> <span class='ocrx_word' id='word_1_387' title='bbox 742 3949 767 3985; x_wconf 85' lang='lat' dir='ltr'><strong>v.</strong></span> <span class='ocrx_word' id='word_1_388' title='bbox 779 3931 831 3986; x_wconf 87' lang='lat' dir='ltr'><strong>ult.</strong></span> 
     </span>
    </p>
   </div>
   <div class='ocr_carea' id='block_1_10' title="bbox 188 4036 1290 4357">
    <p class='ocr_par' dir='ltr' id='par_1_11' title="bbox 188 4036 1290 4357">
     <span class='ocr_line' id='line_1_44' title="bbox 225 4036 1288 4109; baseline -0.001 -14"><span class='ocrx_word' id='word_1_389' title='bbox 225 4040 294 4095; x_wconf 77' lang='lat' dir='ltr'><strong>Nos</strong></span> <span class='ocrx_word' id='word_1_390' title='bbox 304 4040 341 4091; x_wconf 84' lang='lat' dir='ltr'><strong>ab</strong></span> <span class='ocrx_word' id='word_1_391' title='bbox 352 4053 382 4091; x_wconf 89' lang='lat' dir='ltr'><strong>rs</strong></span> <span class='ocrx_word' id='word_1_392' title='bbox 394 4054 504 4109; x_wconf 84' lang='lat' dir='ltr'><strong>qouque</strong></span> <span class='ocrx_word' id='word_1_393' title='bbox 513 4040 605 4105; x_wconf 81' lang='lat' dir='ltr'><strong>inerit,</strong></span> <span class='ocrx_word' id='word_1_394' title='bbox 617 4041 640 4093; x_wconf 95' lang='lat' dir='ltr'><strong>si</strong></span> <span class='ocrx_word' id='word_1_395' title='bbox 652 4042 687 4095; x_wconf 90' lang='lat' dir='ltr'><strong>de</strong></span> <span class='ocrx_word' id='word_1_396' title='bbox 696 4040 787 4094; x_wconf 77' lang='lat' dir='ltr'><strong>Dione</strong></span> <span class='ocrx_word' id='word_1_397' title='bbox 797 4036 935 4093; x_wconf 79' lang='lat' dir='ltr'><strong>hieverba</strong></span> <span class='ocrx_word' id='word_1_398' title='bbox 944 4038 1075 4108; x_wconf 73' lang='lat' dir='ltr'><strong>quedam</strong></span> <span class='ocrx_word' id='word_1_399' title='bbox 1086 4038 1194 4094; x_wconf 83' lang='lat' dir='ltr'><strong>iaoiam.</strong></span> <span class='ocrx_word' id='word_1_400' title='bbox 1222 4040 1288 4094; x_wconf 84' lang='lat' dir='ltr'><strong>Hoo</strong></span> 
     </span>
     <span class='ocr_line' id='line_1_45' title="bbox 189 4120 1289 4190; baseline -0.002 -13"><span class='ocrx_word' id='word_1_401' title='bbox 189 4138 291 4177; x_wconf 85' lang='lat' dir='ltr'><strong>nomen</strong></span> <span class='ocrx_word' id='word_1_402' title='bbox 308 4123 474 4190; x_wconf 75' lang='lat' dir='ltr'><strong>interpretes</strong></span> <span class='ocrx_word' id='word_1_403' title='bbox 492 4122 604 4190; x_wconf 88' lang='lat' dir='ltr'><strong>qnidam</strong></span> <span class='ocrx_word' id='word_1_404' title='bbox 624 4121 803 4175; x_wconf 85' lang='lat' dir='ltr'><strong>reddiderunt</strong></span> <span class='ocrx_word' id='word_1_405' title='bbox 818 4122 961 4174; x_wconf 70' lang='lat' dir='ltr'><strong>anom</strong></span> <span class='ocrx_word' id='word_1_406' title='bbox 1000 4120 1109 4173; x_wconf 81' lang='lat' dir='ltr'><strong>Servius</strong></span> <span class='ocrx_word' id='word_1_407' title='bbox 1129 4125 1233 4187; x_wconf 69' lang='lat' dir='ltr'><strong>nonna,</strong></span> <span class='ocrx_word' id='word_1_408' title='bbox 1252 4122 1289 4175; x_wconf 92' lang='lat' dir='ltr'><strong>ad</strong></span> 
     </span>
     <span class='ocr_line' id='line_1_46' title="bbox 188 4202 1289 4273; baseline -0.002 -14"><span class='ocrx_word' id='word_1_409' title='bbox 188 4204 266 4273; x_wconf 70' lang='lat' dir='ltr'><strong>virg.</strong></span> <span class='ocrx_word' id='word_1_410' title='bbox 280 4204 346 4259; x_wconf 82' lang='lat' dir='ltr'><strong>AEo.</strong></span> <span class='ocrx_word' id='word_1_411' title='bbox 359 4203 420 4257; x_wconf 93' lang='lat'>111.</span> <span class='ocrx_word' id='word_1_412' title='bbox 432 4204 493 4257; x_wconf 76' lang='lat'>406.</span> <span class='ocrx_word' id='word_1_413' title='bbox 518 4202 642 4257; x_wconf 68' lang='lat' dir='ltr'><strong>Vm</strong></span> <span class='ocrx_word' id='word_1_414' title='bbox 652 4202 729 4257; x_wconf 81' lang='lat' dir='ltr'><strong>lovis</strong></span> <span class='ocrx_word' id='word_1_415' title='bbox 742 4203 879 4257; x_wconf 71' lang='lat' dir='ltr'><strong>Dodonaei</strong></span> <span class='ocrx_word' id='word_1_416' title='bbox 894 4204 1010 4255; x_wconf 68' lang='lat' dir='ltr'><strong>adrem</strong></span> <span class='ocrx_word' id='word_1_417' title='bbox 1024 4206 1089 4257; x_wconf 75' lang='grc' dir='ltr'><strong>θοὰν</strong></span> <span class='ocrx_word' id='word_1_418' title='bbox 1102 4202 1186 4257; x_wconf 66' lang='lat' dir='ltr'><strong>ionae</strong></span> <span class='ocrx_word' id='word_1_419' title='bbox 1197 4203 1289 4257; x_wconf 82' lang='lat' dir='ltr'><strong>dooet.</strong></span> 
     </span>
     <span class='ocr_line' id='line_1_47' title="bbox 190 4284 1290 4357; baseline -0.004 -14"><span class='ocrx_word' id='word_1_420' title='bbox 190 4289 266 4343; x_wconf 79' lang='lat' dir='ltr'><strong>Hine</strong></span> <span class='ocrx_word' id='word_1_421' title='bbox 277 4288 337 4342; x_wconf 86' lang='lat' dir='ltr'><strong>lae.</strong></span> <span class='ocrx_word' id='word_1_422' title='bbox 355 4286 510 4343; x_wconf 77' lang='lat' dir='ltr'><strong>Gronovius</strong></span> <span class='ocrx_word' id='word_1_423' title='bbox 526 4287 574 4357; x_wconf 84' lang='lat' dir='ltr'><strong>(ud</strong></span> <span class='ocrx_word' id='word_1_424' title='bbox 590 4285 720 4356; x_wconf 73' lang='lat' dir='ltr'><strong>Stephani</strong></span> <span class='ocrx_word' id='word_1_425' title='bbox 736 4286 883 4352; x_wconf 85' lang='lat' dir='ltr'><strong>Dodonen,</strong></span> <span class='ocrx_word' id='word_1_426' title='bbox 901 4286 986 4339; x_wconf 79' lang='lat' dir='ltr'><strong>altera</strong></span> <span class='ocrx_word' id='word_1_427' title='bbox 1002 4284 1135 4340; x_wconf 84' lang='lat' dir='ltr'><strong>Editione</strong></span> <span class='ocrx_word' id='word_1_428' title='bbox 1150 4285 1290 4339; x_wconf 75' lang='lat' dir='ltr'><strong>Thesauro</strong></span> 
     </span>
    </p>
   </div>
   <div class='ocr_carea' id='block_1_11' title="bbox 189 4368 1304 4528">
    <p class='ocr_par' dir='ltr' id='par_1_12' title="bbox 189 4368 1304 4528">
     <span class='ocr_line' id='line_1_48' title="bbox 189 4368 1304 4441; baseline -0.007 -14"><span class='ocrx_word' id='word_1_429' title='bbox 189 4374 284 4441; x_wconf 75' lang='lat' dir='ltr'><strong>Antiq.</strong></span> <span class='ocrx_word' id='word_1_430' title='bbox 294 4373 344 4428; x_wconf 84' lang='lat' dir='ltr'><strong>Gr.</strong></span> <span class='ocrx_word' id='word_1_431' title='bbox 357 4368 471 4439; x_wconf 84' lang='lat' dir='ltr'><strong>inserte)</strong></span> <span class='ocrx_word' id='word_1_432' title='bbox 482 4370 620 4424; x_wconf 85' lang='lat' dir='ltr'><strong>Venerem</strong></span> <span class='ocrx_word' id='word_1_433' title='bbox 631 4369 780 4425; x_wconf 82' lang='lat' dir='ltr'><strong>Libitinam</strong></span> <span class='ocrx_word' id='word_1_434' title='bbox 791 4386 847 4423; x_wconf 90' lang='lat' dir='ltr'><strong>non</strong></span> <span class='ocrx_word' id='word_1_435' title='bbox 859 4370 938 4435; x_wconf 86' lang='lat' dir='ltr'><strong>bene,</strong></span> <span class='ocrx_word' id='word_1_436' title='bbox 946 4369 1037 4433; x_wconf 84' lang='lat' dir='ltr'><strong>oredo,</strong></span> <span class='ocrx_word' id='word_1_437' title='bbox 1046 4384 1207 4437; x_wconf 77' lang='lat' dir='ltr'><strong>oonrpasans</strong></span> <span class='ocrx_word' id='word_1_438' title='bbox 1214 4368 1290 4421; x_wconf 82' lang='lat' dir='ltr'><strong>Pro·</strong></span> <span class='ocrx_word' id='word_1_439' title='bbox 1300 4386 1304 4392; x_wconf 94' lang='lat'><em>·</em></span> 
     </span>
     <span class='ocr_line' id='line_1_49' title="bbox 189 4450 1289 4528; baseline -0.008 -18"><span class='ocrx_word' id='word_1_440' title='bbox 189 4456 319 4528; x_wconf 75' lang='lat' dir='ltr'><strong>mpim</strong></span> <span class='ocrx_word' id='word_1_441' title='bbox 330 4458 390 4510; x_wconf 85' lang='lat' dir='ltr'><strong>ruit</strong></span> <span class='ocrx_word' id='word_1_442' title='bbox 400 4470 461 4510; x_wconf 83' lang='lat' dir='ltr'><strong>esse</strong></span> <span class='ocrx_word' id='word_1_443' title='bbox 470 4453 591 4507; x_wconf 83' lang='lat' dir='ltr'><strong>Dionen.</strong></span> <span class='ocrx_word' id='word_1_444' title='bbox 618 4450 754 4515; x_wconf 85' lang='lat' dir='ltr'><strong>Tandem.</strong></span> <span class='ocrx_word' id='word_1_445' title='bbox 765 4453 790 4506; x_wconf 91' lang='lat' dir='ltr'><strong>si</strong></span> <span class='ocrx_word' id='word_1_446' title='bbox 796 4450 974 4520; x_wconf 69' lang='lat' dir='ltr'><strong>Mytlrologos</strong></span> <span class='ocrx_word' id='word_1_447' title='bbox 983 4452 1129 4521; x_wconf 83' lang='lat' dir='ltr'><strong>ipsumque</strong></span> <span class='ocrx_word' id='word_1_448' title='bbox 1135 4450 1289 4506; x_wconf 81' lang='lat' dir='ltr'><strong>Homerum</strong></span> 
     </span>
    </p>
   </div>
   <div class='ocr_carea' id='block_1_12' title="bbox 0 0 1538 4975">
    <p class='ocr_par' dir='ltr' id='par_1_13' title="bbox 0 0 1538 4975">
     <span class='ocr_line' id='line_1_50' title="bbox 0 0 1538 4975; baseline 0 0"><span class='ocrx_word' id='word_1_449' title='bbox 0 0 1538 4975; x_wconf 95' lang='lat' dir='ltr'><strong> </strong></span> 
     </span>
    </p>
   </div>
  </div>
 </body>
</html>
