3042 4975
453 308 517 375 llD
540 308 614 377 OR.
635 307 821 377 CONTRA
844 306 1037 376 MlDlAlll.
1288 286 1317 367 5

221 464 348 545 plorata.
368 468 425 529 utri
449 468 516 531 loco
538 469 703 549 ammenti
722 488 759 531 es
776 472 858 549 ῥῆσις
881 468 1035 533 decentius
1054 464 1237 543 conveniret)
1249 484 1313 527 rer·
1385 523 1388 531 .

224 557 270 617 his
293 560 447 639 ipsissimis
467 571 499 621 et
527 562 718 623 disertissima
745 564 877 623 oratione
899 570 1023 641 repetat.
1044 559 1245 620 verosimilius
1268 566 1316 619 est

222 650 327 725 multo,
342 652 407 713 hoec
428 672 465 713 ex
490 653 692 725 inconstantia,
708 663 741 711 ut
754 654 826 727 dixi,
848 655 988 715 Auctoris
1007 652 1152 731 prolecta,
1167 650 1219 728 qui
1239 668 1314 709 non.

222 743 293 803 dum
315 764 374 805 rem
398 745 436 805 ad
460 746 569 805 exitum
584 744 771 825 perduxerat,
783 764 873 823 quam
892 744 1028 815 oonsilio,
1042 752 1073 805 et
1093 762 1148 803 usu
1169 753 1312 812 veterum,

221 844 254 895 ut
265 847 391 917 nugatur
405 838 591 901 Scholiastes.
631 838 693 907 Qui
709 847 866 917 utrumque
886 838 985 899 locum
997 834 1236 917 expensitaverit,
1251 852 1313 895 me·

220 947 287 989 cum
301 932 417 991 sentiet.
459 929 587 991 eritieus
601 949 638 989 ex
650 930 866 1008 antiquioribus
874 929 1022 991 memoriae
1033 926 1175 1006 prodidit,
1185 925 1313 994 multum

219 1020 249 1080 in
271 1022 328 1083 hac
352 1024 484 1085 oratione
506 1021 666 1101 proiecisse
696 1022 923 1083 Demosthenem
936 1042 973 1083 ex
1001 1019 1098 1099 Lysia,
1118 1018 1253 1097 Lycurgo
1279 1026 1312 1077 et

219 1112 307 1173 luteo.
346 1112 529 1195 Appos-itone
547 1119 589 1181 cle
609 1114 659 1174 τὸν
672 1119 743 1174 sord
756 1113 918 1175 Mesdlourd
930 1112 1080 1174 anesus·
1089 1112 1135 1169 sol
1144 1108 1312 1187 Λυκοῦργον

219 1205 250 1265 ἐι
270 1215 326 1267 τῶν
343 1216 391 1277 τῆς
400 1203 516 1285 ¹lt'lipeuc
529 1208 636 1281 λόγων,
647 1209 693 1264 stul
706 1210 744 1267 rd
757 1204 863 1265 ’Icelos
875 1206 904 1265 le
916 1214 973 1266 ιιῖιι
985 1207 1057 1264 sord
1069 1202 1219 1267 Διοκλέους
1229 1198 1312 1279 ὕβρι·

204 1322 258 1365 ὐς
275 1302 456 1377 μειειὴνοχε.
497 1296 592 1357 Theo.
608 1296 765 1377 Progymu.

260 1388 397 1450 instituta
408 1388 465 1449 luit
474 1388 540 1449 haec
554 1407 654 1467 masa,
668 1408 736 1448 cum
749 1388 965 1449 Demosthenes
977 1405 1087 1447 annum
1101 1385 1198 1445 entis
1210 1394 1312 1465 ageret

219 1486 269 1541 ³³.
310 1481 377 1541 lloc
400 1480 591 1541 disertissime
621 1488 743 1541 testatur
769 1480 944 1541 Plutarchus
971 1479 1002 1540 in
1027 1479 1097 1551 sits,
1119 1487 1210 1555 atque
1234 1477 1311 1537 adeo

221 1573 353 1635 Orator
344 1594 418 1659 ipse
445 1576 467 1639 l.
489 1575 549 1655 py'.
568 1571 647 1641 uiroc
665 1573 716 1649 (de
737 1573 834 1634 Midis
861 1574 951 1635 verba
971 1572 1110 1647 laciens)
1105 1576 1240 1647 γεγονὼς
1262 1571 1309 1644 ἔπι
1394 1588 1402 1595 ·

219 1670 282 1745 περὶ
295 1670 475 1739 ιιενιήκοιια,
487 1664 592 1729 oldar’
579 1690 648 1745 εμοιι
633 1670 776 1734 ’πλείοις
789 1668 1001 1745 λειιοοργίιις
989 1672 1057 1744 υμῖν
1074 1668 1311 1757 Misenumnam
1326 1744 1329 1751 ἱ

221 1759 253 1827 ὃς
270 1757 317 1817 δύο
333 1763 381 1817 eol
393 1783 435 1836 ιρ
425 1759 538 1818 cuono
554 1756 601 1830 ἔτη
613 1763 734 1834 γέγονα.
773 1759 864 1819 Juxta
872 1756 1000 1817 eundem
1011 1740 1214 1831 Plutarchum,
1228 1755 1312 1815 Zosi·
1348 1752 1354 1762 '

219 1868 309 1921 mum,
325 1850 401 1909 Vitae
418 1849 596 1928 Scriptores,
617 1848 794 1952 Dionysium
807 1849 904 1908 Helie.
917 1856 1101 1924 ceterosque
1114 1845 1174 1905 lide
1194 1799 1311 1924 dignos,

219 1951 380 2001 natuserat
395 1940 610 2001 Demosthenes
623 1958 712 2010 anno,
733 1960 786 2017 qus
777 1938 1000 1997 Centesimum
1022 1935 1231 2014 Olympiadem
1244 1956 1312 2015 pro·
1351 1980 1354 1985 -

218 2032 295 2091 xime
309 2032 458 2099 anteibat;
480 2029 644 2091 itauthsec
659 2028 767 2102 Causa,
787 2046 849 2089 mm
866 2047 925 2087 rem
940 2036 1021 2087 recle
1041 2035 1221 2105 supputante
1242 2030 1313 2091 eod.

220 2121 406 2201 Diouvsio,⁸
400 2141 427 2180 tn
456 2140 562 2180 annum
585 2128 722 2197 quartum
743 2121 866 2199 Olymp.
891 2117 987 2179 CVll.
1011 2118 1143 2189 caderet,
1169 2120 1313 2181 archonte

216 2180 342 2275 Athenis
356 2213 547 2273 Callimacho.
578 2217 661 2274 Kord
683 2220 783 2273 τοῦτον
802 2214 963 2291 γέγραπται
983 2212 1034 2271 τοι
1047 2211 1195 2291 Ἄρχοντα
1208 2214 1313 2291 [Calli

216 2306 368 2393 maehum]
393 2308 473 2367 sold
494 2310 565 2365 sord
591 2304 710 2364 Μειδίου
730 2308 830 2380 λόγος,
847 2306 882 2364 δι
900 2303 1068 2376 συνετάξατο
1090 2308 1237 2383 perdo
1186 2309 1248 2381 ιι)ν,
1274 2313 1313 2379 ἣν

215 2399 331 2479 ὖδῆμος
344 2402 428 2459 irruo
436 2399 680 2477 κατεχειροτόνησε
692 2397 827 2473 (restitue
836 2416 874 2457 ex
893 2396 978 2459 MSS.
991 2400 1066 2473 perd
1079 2400 1132 2467 ιι)ι
1145 2419 1312 2477 κατοχειρο.

216 2495 323 2564 rooles,
337 2493 398 2564 hah
413 2492 497 2572 δῆμος
512 2495 597 2550 chron
610 2492 874 2571 κατεχειροτόνησε.)
914 2488 1039 2568 Dionys.
1054 2488 1153 2548 Halio.
1177 2491 1216 2550 ad
1240 2495 1313 2552 Am·

218 2603 334 2644 meeum.
358 2582 532 2643 Plutarchus
560 2581 670 2640 interea
694 2580 724 2639 in
745 2580 814 2640 vitis
838 2581 878 2641 Χ.
903 2581 1075 2652 Oratomm,
1097 2599 1175 2640 anno
1201 2592 1310 2660 quarto

217 2676 337 2755 Olymp.
361 2695 419 2733 non
440 2673 552 2733 XClll.
574 2673 629 2733 aed
656 2672 797 2732 xcvtn.
818 2680 919 2732 nalum
939 2691 1004 2732 esse
1024 2673 1136 2732 mavult
1156 2683 1310 2736 auctorem
1396 2727 1403 2739 .

216 2777 361 2827 nostrum.
389 2767 458 2834 Quo
471 2765 557 2838 duce,
571 2783 688 2824 causam
704 2763 985 2852 hancmeditahatur
998 2764 1187 2843 (egisseenim
1199 2765 1309 2838 dicere,

216 2841 321 2938 parum
342 2867 437 2917 tutum
459 2876 523 2916 esse
544 2855 671 2930 videtur)
690 2875 767 2915 anno
780 2865 910 2916 extremo
924 2856 1045 2940 Olymp.
1064 2855 1143 2914 cvl.
1163 2856 1310 2934 siquidem

219 2949 354 3021 Midiam,
369 2958 402 3008 nt
413 2948 502 3006 modo
512 2947 648 3024 vidimus,
660 2947 689 3006 in
700 2945 752 3024 jus
763 2947 879 3007 vocarit
892 2966 984 3006 annos
997 2955 1083 3006 natus
1095 2947 1229 3007 xxxll.
1270 2952 1313 3009 st

218 3039 354 3118 prolecto
368 3059 403 3099 ea
417 3048 591 3116 tempestate
603 3039 736 3116 plurimae
755 3059 792 3097 er
811 3039 847 3099 iis
857 3039 945 3099 rebus
958 3048 1050 3118 gestae
1069 3059 1128 3099 noo
1142 3051 1221 3115 sunt,
1234 3061 1310 3120 quas

219 3131 268 3190 hic
280 3140 311 3189 ut
323 3142 421 3208 gestas
432 3133 543 3190 Orator
556 3139 774 3190 commemorat.
797 3131 845 3189 Τιι
861 3133 971 3190 interea
984 3151 1055 3208 care
1071 3132 1184 3200 credas,
1197 3133 1311 3192 Plutar-

219 3222 308 3282 chum
322 3223 481 3282 Plutarcho
496 3221 651 3292 adversari,
666 3223 774 3299 (neque
785 3223 861 3281 euim
875 3223 1064 3282 Tractatulus
1075 3223 1139 3294 iste,
1157 3243 1245 3302 quem
1260 3226 1311 3285 ha·

219 3314 321 3374 )ιιιιιιιι
330 3314 369 3374 de
379 3314 445 3373 vitis
456 3315 494 3373 Χ.
508 3314 678 3386 Οιιιιοιιιιιι,
691 3313 840 3372 Plutarchi
851 3333 914 3374 esee
927 3320 1037 3392 potest)
1051 3335 1149 3376 verum
1161 3328 1311 3378 recentem

217 3407 345 3486 aliquem
355 3407 542 3483 Scriptorem
555 3405 702 3464 Plutarchi
715 3408 832 3464 nomine
842 3407 994 3478 ementito
1005 3408 1112 3477 Photii,
1123 3407 1173 3484 qui
1184 3407 1222 3466 de
1235 3409 1310 3468 Vitis

219 3499 376 3578 oratorum
388 3505 604 3557 commentatus
618 3506 673 3564 est,
691 3495 903 3574 indiligentiam
919 3502 976 3557 et'
963 3523 1012 3560 cre
1013 3507 1167 3578 πορηιιίοι
1179 3483 1310 3564 studiose

218 3597 251 3676 et
263 3588 365 3649 dedita
386 3608 477 3667 opera
500 3589 701 3667 descripsisse,
716 3587 890 3665 aliquando
895 3589 983 3649 etiam
1006 3587 1173 3651 nonnullam
1193 3611 1229 3652 ex
1243 3611 1312 3670 pro·

216 3669 282 3762 prio
302 3701 381 3760 penu
406 3679 567 3740 addidisse.
624 3679 670 3738 De
691 3679 825 3739 Samuele
844 3681 953 3752 Petito,
976 3685 1027 3760 qui
1049 3682 1079 3742 in
1100 3674 1309 3746 Demosthenis
1357 3713 1361 3718 ·

219 3773 376 3834 Natslshus
387 3771 477 3831 lidem
492 3771 621 3831 Pseudo
622 3771 773 3830 Plutarchs
787 3782 929 3849 computo
938 3772 1090 3834 adstruere
1106 3775 1184 3845 velit,
1204 3778 1310 3853 (Attio.
1402 3791 1405 3796 '

220 3863 309 3942 legg.
322 3863 399 3924 Edit.
414 3865 493 3923 Nov.
508 3882 537 3941 p.
552 3871 622 3926 266.
637 3865 714 3941 seq.)
727 3865 910 3925 commodior
919 3866 974 3926 erit
987 3865 1106 3928 dicendi
1120 3868 1215 3930 locus.
1301 3875 1305 3881 ’

253 3957 336 4014 'llaec
352 3955 438 4016 Actio
448 3957 587 4035 peculiari
602 3957 717 4015 nominc
727 3967 851 4016 vocatur
865 3957 1012 4037 Προβολή.
1053 3961 1100 4021 De
1113 3980 1174 4039 qua
1186 3962 1311 4040 diligen·

217 4055 264 4108 ter
284 4047 390 4119 minus,
410 4057 438 4107 et
458 4047 656 4126 perfunctorie
675 4057 800 4122 tantum,
816 4052 869 4127 qui
889 4049 1155 4130 lurispnsdentiam
1179 4055 1309 4116 Atticum

217 4138 406 4220 profitentur.
445 4139 583 4220 Προβολι)
603 4148 664 4199 erat
681 4131 717 4199 eri
737 4141 772 4201 iis
792 4141 980 4213 notionibus,
1002 4163 1070 4222 quse
1085 4143 1216 4221 publicae
1233 4145 1313 4208 dice·

216 4233 335 4304 bantur,
350 4231 393 4292 uli
409 4251 445 4290 ex
458 4233 512 4292 hac
527 4231 658 4291 oratione
673 4230 777 4310 liquet,
791 4235 816 4304 h.
830 4233 863 4292 ll.
890 4233 974 4294 'Em
993 4235 1145 4314 δὲιρῶιοι
1157 4238 1211 4316 μὲν
1223 4239 1310 4300 ἐκεῖνο

217 4327 267 4383 uls
280 4323 384 4398 ἄδηλος
398 4323 478 4402 ἐρῶν,
488 4327 573 4391 -ιῗις
583 4357 623 4368 -
634 4321 732 4391 δίκας
753 4323 786 4384 id
791 4325 802 4382 ι’
807 4347 849 4390 oe
861 4349 908 4403 μοι
921 4338 1057 4405 προσῆκεν
1070 4330 1145 4408 αὐτῷ
1157 4332 1260 4408 λαχεῖν
1270 4363 1312 4377 -

217 4418 282 4495 οὑχ)
296 4416 442 4497 δημοσίᾳ
457 4415 561 4497 κρίνειν
574 4417 670 4478 αὐτόν.
686 4425 717 4478 el
730 4415 848 4490 deinde,
862 4419 885 4476 el
902 4421 943 4496 μι)
963 4417 1243 4501 προύβαλλόμην
1261 4427 1313 4482 el·
