3042 4975
235 309 286 382 12
469 322 531 387 EX
555 320 673 389 EDlT.
697 320 899 390 HERVAG.
922 320 1065 389 PRAEF.

229 486 455 557 Demosthenes,
477 504 544 547 cum
564 485 706 563 Dionysia
716 490 880 561 agerentur,
896 483 948 562 qui
960 480 1024 541 ludi
1037 489 1122 570 erant
1134 480 1166 541 in
1179 478 1321 541 horrorem

227 577 326 636 Liberi
344 578 434 654 patris
447 576 584 647 instituti,
598 585 776 671 curatorqqe
795 573 930 635 indorum
949 580 1013 633 erat
1029 592 1097 632 cnm
1110 572 1175 631 siiis
1187 571 1320 632 delectus

227 666 452 740 Demosthenes,
472 688 546 747 quos
561 668 703 746 choragos
717 667 915 746 appellabant.
932 684 997 727 eam
1014 664 1160 741 injuriam,
1179 675 1269 742 atque
1289 663 1320 722 id

226 759 335 820 crimen
349 781 417 821 cnm
432 780 608 840 magnopere
626 778 800 840 exaggerare
815 759 901 820 vellet
918 768 1028 830 orator,
1042 759 1157 836 aliquot
1170 757 1320 816 hominum

123 924 131 943 ἢ
167 848 169 854 ⁴
224 852 357 931 exempla
371 871 537 925 recensens,
558 852 610 931 qni
623 853 663 912 ob
677 851 882 927 hujuscemodi
895 850 1026 913 facinora
1046 852 1076 910 in
1097 848 1229 910 fraudem
1243 848 1321 923 capi·

224 942 313 1003 talem
335 943 509 1016 inciderant,
530 954 561 1004 et
580 942 620 1004 ab
642 943 781 1021 injuriam
799 943 892 1022 passis
911 944 982 1004 nasi
1003 952 1096 1014 erant,
1109 942 1151 1003 ita
1164 941 1270 1019 inquit,
1285 942 1319 999 oi

104 1040 110 1057 ⁸
224 1038 308 1112 'idoli
319 1040 415 1111 πληγὴ
424 1039 579 1117 παρέστησε
592 1039 644 1107 rrlr
656 1036 753 1114 ὀργὴν,
763 1039 828 1097 dac.
842 1036 884 1095 Ut
897 1042 994 1095 autem
1009 1053 1054 1093 res
1064 1033 1166 1093 melius
1177 1032 1322 1111 intelliga-

224 1136 282 1196 tur,
308 1146 366 1188 uuo
388 1138 439 1187 aut
460 1127 551 1187 altero
573 1146 658 1187 versu
677 1127 776 1186 locum
800 1128 888 1187 altius
911 1126 1065 1204 repetitum
1087 1124 1239 1185 traducam
1259 1124 1317 1183 hoc

225 1218 325 1287 modo,
345 1236 380 1278 ac
401 1218 587 1296 sesqnirersu
608 1216 782 1295 producam.
823 1218 977 1278 Noverunt
997 1216 1055 1277 hoc
1075 1216 1169 1287 multi,
1189 1216 1318 1275 Eroeona

223 1308 429 1380 Leodamantis
440 1310 560 1371 fratrem
574 1312 651 1371 inter
667 1312 782 1389 epulas,
796 1312 827 1371 in
839 1320 1047 1389 conventuque
1062 1309 1318 1390 puhlicoobtrun·

224 1407 323 1463 catum
342 1420 359 1461 a
374 1404 488 1472 Bouto,
504 1402 623 1463 unicum
637 1402 677 1461 ob
693 1401 851 1481 colaphum
864 1401 1018 1463 indictum.
1036 1421 1134 1481 neque
1147 1421 1216 1463 aero
1228 1401 1317 1462 unios

222 1492 311 1571 plaga
330 1494 382 1553 irre
398 1495 540 1573 impetum
559 1493 612 1564 illi,
632 1494 683 1555 sed
703 1493 863 1573 gnominis
882 1494 964 1555 civit.
978 1513 1076 1571 neque
1089 1493 1167 1553 cardi
1183 1494 1317 1572 ingenuis

223 1600 310 1657 grave
324 1595 380 1660 est,
391 1586 505 1645 tametsi
515 1598 559 1645 est
568 1586 666 1664 ipsum
679 1604 777 1666 grave.
789 1587 820 1645 id
833 1586 981 1650 enimvero
989 1586 1106 1647 demum
1116 1604 1203 1664 grase
1212 1595 1267 1659 est,
1277 1585 1318 1645 ad

222 1677 427 1737 contumeliam
448 1678 535 1737 credi.
576 1677 727 1755 Siquidem
751 1678 844 1737 multa
864 1677 976 1750 tacere,
994 1698 1015 1737 o
1034 1678 1088 1739 riri
1107 1676 1315 1755 Athenienses,

221 1766 383 1827 existimari
404 1777 504 1845 potest
525 1769 577 1848 qui
596 1768 686 1829 alium
704 1770 804 1842 caedit,
818 1788 942 1847 quorum
957 1778 1080 1848 partem,
1100 1787 1137 1828 ne
1150 1768 1175 1827 is
1194 1769 1317 1846 quiden

222 1858 275 1934 qui
289 1860 463 1920 verberibus
476 1859 612 1932 allicitur,
629 1859 760 1921 indicare
775 1862 846 1920 satis
867 1880 999 1921 sermone
1010 1870 1101 1938 atque
1114 1859 1197 1919 alfari
1210 1859 1317 1937 possit,

221 1948 285 2027 ipsa
307 1952 510 2030 perpetrandae
531 1950 575 2011 rei
593 1952 703 2031 specie,
724 1952 833 2011 obtutu
854 1952 1030 2022 truculento,
1047 1951 1129 2012 nocis
1149 1950 1318 2021 atrocitate,

158 2028 162 2035 ¹
222 2040 300 2099 adde
310 2060 378 2099 cum
391 2040 548 2119 sugillandi
563 2042 671 2108 animo,
682 2060 775 2115 qaum
787 2043 937 2101 inimicum
951 2062 983 2099 se
997 2039 1177 2117 profitendo,
1188 2040 1318 2117 denique

222 2149 313 2211 quum
335 2133 449 2210 pugnis,
468 2140 499 2191 et
518 2149 609 2208 quum
629 2132 660 2189 in
675 2130 780 2189 malam
793 2132 895 2190 credit.
935 2130 1029 2205 Atqui
1048 2130 1115 2191 haec
1132 2144 1317 2209 promovent,

222 2225 288 2283 bec
302 2223 421 2299 inquam
435 2229 571 2281 amovent
584 2219 622 2281 de
637 2221 740 2280 mentis
754 2238 815 2280 suae
833 2228 911 2279 stato
925 2220 1056 2281 homines
1074 2226 1259 2285 contumeliae
1272 2236 1317 2288 at·
1399 2280 1403 2289 .

223 2331 283 2392 que
297 2311 489 2391 sugillationis
505 2312 673 2373 insolentes.
702 2312 756 2371 llis
769 2302 1043 2393 commemorandis,
1056 2334 1077 2373 o
1090 2316 1142 2375 riri
1155 2316 1316 2380 Atheniense

222 2422 377 2476 sennenn
390 2402 501 2485 estqui
514 2404 556 2463 rei
573 2404 759 2465 atrocitatem
773 2404 877 2463 animis
897 2402 1080 2465 audientium
1097 2406 1252 2487 oculisque
1270 2428 1317 2471 re-.

95 2537 97 2540 -
222 2507 399 2576 prasentare
415 2505 514 2574 queat,
529 2502 627 2573 praeut
639 2497 760 2572 quidem
775 2506 822 2558 est
834 2497 942 2575 injuria
956 2517 987 2560 re
1004 2499 1068 2577 ipsa
1081 2501 1243 2577 conspicua
1255 2521 1317 2560 om·

221 2588 309 2648 uibus
331 2587 459 2648 numeris
480 2587 643 2661 evidentiae,
663 2588 698 2647 iis
716 2590 769 2666 qui
785 2588 828 2648 rei
848 2597 1030 2666 spectatores
1050 2589 1180 2670 fuerunt,
1201 2591 1318 2670 ipsique

222 2681 298 2740 adeo
308 2679 444 2756 injuriam
453 2697 603 2758 perpesso.
645 2681 781 2749 Quorum
793 2679 948 2741 verborum
961 2682 1087 2742 oratoris
1099 2681 1164 2740 haec
1172 2685 1317 2745 sententia

220 2780 276 2842 est,
291 2791 326 2832 ea
340 2789 407 2850 quar
422 2773 464 2831 rei
479 2770 621 2848 adjuncta
634 2769 775 2832 dicuntur
792 2777 828 2850 (a
840 2772 1024 2841 Quintiliano
1037 2774 1125 2837 etiam
1144 2777 1316 2853 compleaus

220 2883 372 2924 causarum
387 2873 417 2924 et
429 2863 657 2924 circumstantiae
668 2865 786 2924 nornine
799 2865 994 2943 appellantur,
1005 2875 1039 2925 ut
1048 2866 1151 2925 Gracci
1162 2868 1317 2944 appellant

220 2957 403 3033 περίστασιν)
416 2971 481 3014 esse
495 2953 674 3030 hujusmodi,
686 2963 718 3014 ut
727 2971 875 3033 mugnaer
887 2957 1077 3034 parteanimo
1087 2956 1179 3033 magis
1189 2959 1317 3036 concipi,

221 3063 310 3122 quarn
324 3046 414 3105 aerbo
428 3045 576 3106 enunciari
589 3046 713 3124 possint.
755 3047 979 3107 citaturautem
993 3049 1043 3108 hic
1055 3049 1319 3110 locusalnrecon.

221 3138 300 3198 saltn
312 3137 342 3196 in
357 3131 431 3215 Cup.
448 3138 511 3198 Aut
524 3136 606 3198 lanta
620 3139 649 3215 i.
664 3139 805 3216 qualitate
826 3140 907 3199 risa.
922 3139 954 3200 ff.
969 3141 1008 3203 de
1024 3139 1127 3218 porris.
1168 3141 1228 3201 Ubi
1247 3161 1316 3202 cum

220 3229 445 3290 iureconsultus
466 3249 502 3289 ea
524 3229 761 3307 amplificationis
779 3240 950 3309 argumenta
971 3250 1039 3309 quae
1060 3250 1078 3290 a
1097 3232 1319 3293 circumstantia

220 3322 379 3399 ducuntur,
396 3318 426 3380 in
441 3327 552 3399 septem
566 3320 669 3381 modos
687 3321 852 3400 digesserit,
872 3322 1022 3400 qualitatis
1039 3323 1205 3400 exemptam
1222 3344 1240 3383 a
1260 3325 1318 3384 De·

221 3414 371 3472 mosthene
389 3412 573 3492 potissimum
592 3413 760 3474 ducendum
779 3429 844 3474 esse
862 3413 989 3484 censuit,
1009 3413 1107 3493 quiin
1127 3416 1269 3494 qualitate
1286 3427 1319 3478 et

220 3503 550 3580 mstimatioueinjurite,
574 3504 711 3566 iacinctis
738 3509 898 3585 perpetrati
925 3506 1054 3586 speciem
1080 3507 1174 3586 (quod
1199 3510 1318 3570 schema

220 3596 284 3673 ipse
303 3597 402 3670 vocat)
425 3594 713 3657 animadvertendam
732 3616 796 3658 esse
811 3597 905 3668 duait,
920 3599 1048 3668 honest,
1063 3597 1194 3659 habitu·
1204 3610 1236 3660 et
1246 3601 1317 3659 ade·

219 3697 299 3748 ctum
309 3687 453 3767 corporis,
464 3687 615 3768 animique
625 3698 684 3748 tam
694 3689 935 3768 pulsantisquam
945 3689 1317 3769 vapulantis‚ctquandam

218 3777 310 3838 veluti
329 3780 476 3840 actionem
491 3788 579 3859 atque
594 3781 885 3858 repraesentationem
901 3783 1097 3862 improbitatis
1111 3782 1177 3859 ejus
1191 3783 1244 3860 qui
1261 3803 1319 3847 cae·

219 3867 311 3952 debat
324 3878 414 3948 atque
430 3869 601 3948 impotentis
614 3871 712 3942 animi,
726 3881 889 3950 contraque
903 3873 973 3933 foedi
986 3893 1022 3934 ac
1035 3873 1169 3953 pudendi
1178 3887 1317 3952 aspectus

219 3959 343 4036 ejusqui
354 3957 514 4037 vapulabat
525 3961 744 4034 exhibitionem,
756 3962 855 4037 animo
865 3963 1159 4039 obversarijudicum
1168 3976 1315 4043 oportere,

220 4059 253 4109 ut
276 4070 391 4129 posnam
413 4068 469 4130 pro
490 4051 634 4130 dignitate
653 4055 695 4112 rei
718 4064 858 4115 statuant.
899 4055 935 4113 ln
954 4049 1102 4130 qualitate
1115 4058 1201 4118 etiam
1220 4058 1316 4134 ponit,

165 4181 167 4186 ,
218 4152 316 4202 truces
328 4143 515 4219 minacesqne
528 4146 632 4204 oculos
642 4144 797 4222 pulsantia,
813 4145 843 4207 in
858 4164 926 4209 enm
941 4147 992 4222 qui
1003 4147 1146 4224 pulsatur,
1163 4159 1224 4208 tum
1238 4149 1319 4209 voci·

217 4232 390 4292 serationem
414 4231 610 4309 desaevientis,
636 4235 855 4313 territautisque
882 4256 947 4296 eum
976 4239 1029 4314 qui
1050 4237 1197 4298 violentiae
1224 4239 1319 4300 cedit.

219 4325 294 4393 Quae
313 4326 412 4386 omnia
425 4325 562 4386 accidere
577 4327 733 4388 verisimile
747 4338 805 4399 eat,
820 4349 888 4389 cunr
903 4329 1059 4408 sugillandi
1071 4331 1170 4390 anirno
1184 4330 1214 4391 id
1228 4331 1272 4402 fit,
1284 4332 1317 4392 id

219 4426 273 4492 est,
284 4426 393 4494 notam,
406 4418 652 4499 ignominiamque
666 4419 802 4483 inureudi
814 4421 924 4482 homini
935 4423 1057 4499 integrae
1068 4419 1318 4485 tame-intemera-
